2580 4366
209 198 221 218 ⁶
307 228 345 270 nn
367 225 546 269 nauricoaru
567 225 680 266 sonnis.

164 390 191 442 et
212 381 319 440 somnis
340 379 447 456 sociem
469 379 590 439 insidias
611 380 669 439 tuis

165 464 288 525 lascivae
308 481 459 524 nemorum
481 464 547 523 deoc

167 549 262 611 Panos
283 566 355 628 puoe
376 546 506 626 Dryades
527 550 706 625 montivagos
724 557 836 626 petino.

76 649 242 711 'ossiculum
263 652 473 728 montioopique
495 647 588 708 Poues
613 647 649 707 ab
671 645 882 726 interpolatore
905 648 1033 711 additum

76 734 129 795 atis
151 742 218 813 apte
241 732 360 811 quidem
379 733 404 792 si
420 751 549 810 sequens
563 749 665 793 versus
681 732 839 796 omittatur.
871 734 922 812 qui
936 743 1033 796 tamen

76 818 136 880 iam
159 818 295 880 continet
317 817 527 879 necessariam:
551 816 657 877 Naides
680 816 758 878 enim
782 837 857 898 quac
875 818 968 898 Hylan
987 837 1034 881 ra·

76 922 144 965 cum
167 902 339 982 Dryadibus·
355 909 578 980 componuntur
601 920 685 980 quae,
709 912 742 964 ut
763 902 859 964 simile
874 903 986 965 crimen
1002 905 1032 965 in

76 988 189 1068 cipiunt,
211 987 306 1048 Panas
328 986 468 1048 insectari
491 986 592 1047 festive
615 987 766 1061 dicuntur,
789 1006 862 1066 quas
884 988 996 1050 scilicet
1018 1007 1033 1049 6

76 1092 90 1134 6
118 1071 181 1153 peti
209 1072 296 1150 vulgo
325 1078 455 1150 putatur.
499 1089 602 1132 versus
631 1080 727 1132 autem
755 1073 877 1134 molesta
903 1073 960 1134 iam
983 1072 1033 1135 666

75 1158 105 1218 111
129 1157 267 1237 synchysi
291 1164 480 1217 constructus
502 1156 573 1216 lerri
597 1175 657 1217 non
673 1166 773 1235 potest
787 1154 1035 1219 nominatis‘las-

77 1259 212 1305 amorum
235 1237 377 1316 deabus'3
404 1259 472 1302 nom
494 1240 519 1300 si
541 1242 573 1301 in
594 1241 743 1320 Dryadum
766 1243 886 1305 nomine
908 1262 969 1304 non
992 1245 1035 1304 vis

76 1328 124 1390 166
152 1336 182 1387 61
210 1336 350 1387 66666166
380 1332 440 1401 661,
469 1325 498 1386 16
527 1326 605 1404 quod
636 1345 697 1387 non
725 1327 789 1388 fieri
812 1336 933 1407 apparet
955 1347 1035 1390 nun-

99 1412 157 1472 iam
179 1411 210 1472 16
233 1410 334 1490 priore
355 1429 442 1472 versu
465 1410 619 1490 nymphis,
648 1429 758 1473 noman
781 1420 851 1492 post
873 1413 1035 1474 sententiae

76 1515 110 1558 sm
140 1506 170 1558 61
197 1514 364 1576 pronomen
393 1494 523 1574 positum
552 1496 739 1575 grammatica
765 1505 892 1558 recusat.
937 1497 1035 1577 itaque

78 1599 181 1643 manca
209 1588 239 1642 st
266 1587 301 1641 ut
327 1579 492 1641 tolerentur
513 1581 721 1660 supplemento
744 1582 892 1660 egentiail)
914 1580 1038 1644 lasciuae

77 1685 112 1728 161
140 1667 207 1726 (leue
234 1683 328 1743 aeque
357 1665 582 1744 dittographiam
607 1666 701 1727 habeo
730 1674 759 1726 et
785 1667 896 1745 spuria.
920 1675 1036 1746 praeter

77 1768 164 1812 ocum
187 1768 306 1811 carmen
329 1750 394 1810 sine
417 1750 590 1824 offensione,
612 1768 751 1811 versuum
770 1750 874 1810 ordine
890 1769 1036 1830 nusquam

77 1860 91 1910 1,
112 1836 296 1915 procedit¹⁰t
319 1834 449 1914 exceptis
471 1854 496 1894 r.
521 1836 582 1899 768
605 1853 649 1912 sq.
673 1834 767 1894 sicin
791 1834 815 1894 A
838 1836 971 1913 scriptis:
1061 1855 1065 1862 ·

167 1936 352 2016 lorsquescuut
372 1936 444 2015 folio
468 1936 530 1997 lilio
547 1935 656 2015 pallido

168 2031 194 2082 et
215 2032 315 2100 protae
336 2025 424 2101 copiti
444 2021 578 2100 deficiunt
599 2039 690 2095 rosae,

167 2118 200 2168 ut
221 2107 322 2185 fatigor
342 2111 447 2168 teucris
468 2111 519 2186 qui
539 2107 635 2167 uodiot
656 2110 735 2184 penis

168 2201 310 2252 momento
331 2196 448 2272 rapitur
469 2191 605 2270 nulloque
625 2209 685 2253 nou
706 2192 765 2252 dies

168 2277 293 2355 formosi
313 2275 436 2355 spolium
457 2279 584 2356 corporis
606 2275 730 2337 obstulit.

77 2387 184 2440 tantum
207 2376 305 2439 diflert
327 2376 406 2456 quod
427 2377 500 2456 folio
514 2389 548 2439 ut
562 2377 625 2439 lilio
640 2376 728 2437 habet
743 2380 823 2454 (nam
834 2376 954 2457 pallido,
977 2397 1038 2442 non

77 2481 85 2523 1
106 2462 133 2523 Ε
152 2461 274 2522 totidem
296 2460 401 2522 littaris
424 2461 567 2540 praebere
589 2479 679 2540 supra
700 2480 731 2541 p.
748 2462 959 2538 6561611616.
977 2466 1039 2529 769

77 2556 225 2609 11661666.
262 2546 319 2606 hoc
341 2547 455 2626 recepit
474 2547 642 2622 Richterus‚
664 2565 691 2605 v.
707 2548 770 2610 769
792 2559 827 2608 ut
847 2559 954 2626 666166,
978 2551 1039 2614 770

77 2651 120 2708 por
148 2630 319 2708 corrigens,
346 2649 372 2690 v.
398 2632 459 2695 768
488 2631 594 2692 661616.
639 2637 719 2692 certe
747 2649 808 2692 non
832 2630 983 2709 eleganter
1004 2635 1040 2697 66

77 2736 101 2778 m
116 2735 185 2778 mox
201 2714 313 2776 calvum
328 2716 463 2777 futurum
477 2716 621 2778 adlusisse
637 2714 761 2777 ridetur.
791 2715 958 2796 Eumolpus
973 2718 1040 2796 qui-

77 2800 230 2882 apillorum
254 2800 435 2878 elegidarion
458 2801 538 2875 dixit,
565 2801 617 2861 sed
639 2800 722 2861 iocos
744 2800 777 2867 iu
798 2801 895 2862 calvos
917 2802 1040 2882 stigmo-

103 2884 224 2947 iaculari
254 2884 355 2945 volens
377 2885 509 2959 (Petron.
536 2886 625 2961 109);
654 2893 683 2946 at
710 2883 816 2946 melius
844 2894 942 2966 potest
967 2888 1040 2950 illud

77 2973 81 3032 i
102 2969 237 3032 versibus
259 2970 426 3047 delendi11)
447 2970 495 3044 tv,
521 2974 570 3046 10,
593 2973 628 3031 2:

92 3137 214 3203 superflui
236 3136 403 3188 additamenti
421 3136 604 3199 frondiferum
628 3153 679 3189 non
701 3137 824 3205 Peipero,
847 3137 891 3204 qni
915 3138 962 3190 sibi
984 3139 992 3189 i
1012 3153 1040 3191 66

80 3210 167 3267 ,6616
189 3205 292 3257 ferenda
316 3210 368 3269 est,
390 3204 436 3256 666
454 3203 612 3258 Wakefieldo
635 3205 774 3258 infelicium
796 3204 828 3257 de
846 3205 886 3256 his
903 3210 976 3272 trago
1010 3205 1040 3259 116

78 3288 128 3324 rum
145 3272 256 3324 secundo
274 3272 316 3337 (ad
332 3273 405 3326 Lucr.
422 3272 465 3340 lli,
482 3276 551 3337 585).

96 3355 155 3392 nam
173 3357 198 3392 v.
209 3343 258 3394 749
276 3356 315 3408 sq.
334 3342 399 3393 bene
417 3340 449 3392 ad
468 3344 516 3394 748
535 3341 703 3408 adplicantur,
721 3344 790 3393 recte
807 3338 931 3392 intellecti
948 3339 1041 3394 aBoe·

78 3409 137 3460 6661.
148 3409 167 3472 1,
185 3413 209 3471 5,
228 3413 305 3476 5666
325 3415 350 3460 61
368 3425 393 3459 v.
403 3407 470 3461 804¹³
485 3424 524 3476 sq.
540 3408 600 3461 11661
618 3424 632 3460 6
650 3408 779 3474 Scaligero
798 3407 873 3459 obelo
891 3409 973 3461 notati
990 3409 1042 3462 6161

78 3475 107 3527 66
125 3482 194 3528 recte
212 3477 384 3542 interpreteris
402 3477 498 3542 optime
516 3491 544 3528 se
561 3477 654 3528 habere
673 3475 776 3528 6661166.

80 3548 89 3609 )
106 3544 139 3596 66
156 3543 287 3595 Horatium
306 3544 443 3611 provocavi
463 3545 520 3611 qnia
538 3545 565 3595 in
582 3545 622 3596 his
640 3543 778 3611 tragoediis
792 3558 917 3611 nusquam
927 3548 979 3598 tam
991 3546 1042 3598 ire·

78 3616 96 3662 11
112 3616 198 3678 aperta
216 3611 313 3664 Horatii
331 3613 439 3664 imitatio
457 3613 562 3678 adparet
580 3627 657 3680 quam
674 3612 700 3663 in
713 3610 762 3663 hoc
774 3611 892 3665 carmine.
911 3612 943 3666 cl.
955 3629 981 3666 v.
992 3616 1041 3668 737

78 3683 167 3730 iimooa
183 3681 351 3744 glomerante
370 3680 437 3731 Coro
456 3685 482 3732 et
499 3680 558 3734 llor.
568 3681 597 3746 11,
608 3684 648 3745 16,
658 3683 690 3732 23
709 3683 784 3732 ocior
802 3683 886 3733 cornia
904 3687 931 3732 et
947 3688 1043 3748 ugente

86 3750 157 3798 ocior
165 3747 251 3800 Euro.
279 3752 328 3801 743
338 3764 377 3815 sq.
391 3752 416 3800 61
433 3748 491 3800 llor.
501 3748 520 3813 1,
541 3752 579 3813 12,
597 3752 630 3802 46
648 3751 730 3799 micat
747 3752 819 3800 iuter
837 3765 926 3800 oannes
944 3751 1043 3801 Iulium

78 3815 135 3866 *alut
151 3819 223 3867 inter
239 3819 315 3881 ignea
334 3817 399 3867 iuno
418 3820 541 3868 minores.
568 3816 600 3870 61.
617 3816 693 3883 epod.
711 3821 751 3883 15,
770 3822 782 3870 1
802 3816 910 3870 6161166
927 3817 1042 3870 6166111.

80 3885 136 3949 110,
154 3887 177 3936 5.
207 3901 232 3936 v.
250 3887 300 3936 799
319 3889 345 3936 61
361 3884 436 3950 epod.
457 3888 496 3949 13,
514 3889 529 3937 5
548 3886 1043 3947 616666166616616616661666666166

78 3965 173 4012 trenes3
193 3952 289 4005 Seneca
300 3957 396 4004 ueteris
405 3952 585 4020 -auperoilsl
601 3968 628 4006 6.
639 3955 687 4006 797
707 3953 805 4005 lucebit
814 3954 895 4005 Pario
910 3968 1043 4005 memora
