2580 4366
450 244 489 289 nn
510 244 726 289 murnsnrnrs
747 244 876 291 cornuis.
1141 230 1199 292 173

148 390 281 455 nillinnm
302 392 419 455 ridetur
439 400 468 454 et
490 393 684 472 plurimarum
706 394 870 456 tabularum
887 395 1027 474 exemplis
1044 397 1201 457 confirma·
1264 400 1268 407 '

151 482 209 539 ltin
232 478 359 558 denique
381 478 413 539 in
437 477 563 559 Captivis
578 478 742 540 Calchantis
764 487 863 560 partes
880 479 971 541 luisse
985 481 1042 558 lrg.
1059 482 1093 543 31
1115 480 1202 543 docet

332 562 475 643 στρατοῦ
496 559 669 648 καθαρτὴς
690 554 959 646 κᾶπομαγμάτων
982 562 1078 643 ἰ’ὄρις.
1124 578 1130 587 ’

75 704 78 711 .
157 640 270 711 &nocam
292 647 385 726 igitur
404 648 436 709 in
452 648 616 712 Troadibus
638 648 727 710 altera
751 658 815 711 utra
836 651 881 710 vel
903 658 1029 729 utraque
1044 649 1201 728 Sophoclis

107 772 110 777 ·
159 724 185 787 de
204 731 281 797 utus
310 742 380 812 post
401 732 506 794 Troiae
528 734 675 794 excidium
693 733 765 795 actis
787 734 885 795 tabula
906 752 968 795 non
991 735 1091 795 minus
1113 753 1200 813 quam

159 808 270 895 hupida
290 835 380 879 usum
402 836 467 881 osse
489 818 672 879 censendum
688 826 741 879 est.
772 819 799 879 id
816 819 841 878 si
857 819 1056 880 contaminare
1073 829 1201 892 vocetur,

159 910 210 961 ttae
226 901 446 976 unanimum
468 903 647 983 Sophoclem
669 921 738 964 vero
760 904 817 964 iam
833 904 863 963 in
879 902 1026 982 Polyxena
1042 913 1201 985 utrumque
1254 947 1257 952 -

158 994 337 1133 guinem&
357 987 686 1148 eoniuttrxffslyebmznimss
708 989 897 1147 efigidum'
921 997 954 1048 ut
976 1007 1032 1048 nec
1053 989 1091 1049 de
1113 991 1201 1050 Accio

181 1083 283 1150 tnpro
337 1090 452 1133 ecessu
513 1091 713 1134 recto.
808 1110 845 1132 .-

219 1154 252 1216 de
273 1154 401 1235 Thyeste
430 1158 512 1236 loqui
542 1175 611 1218 cum
633 1091 763 1236 prolilive
785 1166 829 1219 est
851 1192 892 1204 -
915 1176 982 1218 nam
1005 1157 1041 1219 de
1064 1157 1128 1220 eius
1151 1177 1202 1219 ex·

154 1236 251 1315 tttplui
265 1240 290 1301 si
306 1240 378 1320 quid
394 1243 466 1303 certi
483 1242 624 1303 constitui
639 1250 750 1321 posset,
762 1244 895 1304 omnium
909 1243 939 1303 id
951 1243 1075 1305 maxime
1086 1250 1201 1321 gratum

96 1384 106 1399 ‚
153 1329 344 1405 receptumque
365 1326 442 1387 toret
463 1361 505 1373 -
527 1336 608 1402 tum,
637 1327 777 1405 quoniam
807 1328 843 1388 de
865 1327 978 1405 graecis
999 1327 1107 1390 tabulis
1129 1329 1203 1391 nihil

152 1396 200 1469 itte
215 1419 400 1490 compertum
422 1411 579 1485 hahemus,
609 1411 746 1472 otiosum.
790 1413 936 1474 adfirmari
965 1420 1079 1475 tantum
1105 1421 1204 1491 potest

143 1496 336 1570 *trumentum
364 1495 441 1558 idem
470 1516 486 1558 a
514 1496 673 1576 Sophocle
689 1497 720 1557 in
744 1496 972 1577 Mycenaeis-
995 1515 1083 1576 quam
1106 1497 1131 1559 si
1154 1516 1203 1557 ex·

142 1579 240 1643 mauu
253 1580 360 1645 hocius
381 1582 413 1643 in
429 1583 528 1657 Atreo,
550 1590 621 1643 sunt
642 1599 716 1660 quae
738 1583 774 1643 ad
793 1601 856 1644 eam
872 1581 1024 1644 referenda
1039 1583 1203 1657 videantur,

139 1663 168 1718 l·
184 1662 265 1725 llihh.
286 1666 307 1725 l.
323 1685 347 1726 s.
364 1685 394 1745 p.
411 1668 470 1728 tut
488 1684 533 1745 sq.
557 1701 597 1711 —
620 1668 656 1727 ah
679 1667 822 1746 Euripide
844 1667 874 1727 in
898 1668 1025 1746 Thyeste
1047 1674 1203 1731 tractatum

131 1752 214 1820 fluam
236 1750 261 1811 si
283 1750 401 1829 quidem
424 1750 460 1812 de
482 1751 596 1812 duahus
611 1750 768 1831 Sophoclis
782 1751 918 1830 Thyestis
936 1762 1016 1811 recte
1031 1751 1204 1812 Welcherus

128 1834 278 1913 exposuit.
317 1832 437 1896 Cressae
460 1844 556 1897 autem
572 1836 725 1915 Euripidia
743 1837 773 1897 in
791 1835 875 1898 Creta
891 1835 987 1897 insula
1003 1835 1100 1913 agitur
1115 1853 1203 1913 argu·

125 1920 324 1998 mentumque
345 1920 480 1983 continet
502 1920 581 1999 quod
604 1920 760 1999 Sophoclis
783 1919 938 1981 scholiasta
963 1920 1122 1981 memoriae
1145 1928 1204 1981 tra·

121 1996 221 2078 didit,
250 2004 280 2065 id
310 2005 389 2083 quod
418 2013 448 2065 et
476 2005 531 2066 alia
554 2023 614 2066 non
637 2024 730 2084 pauca
753 2016 783 2067 et
804 2023 886 2067 nunc
907 2022 1036 2069 marmor
1057 2003 1203 2065 Piraicum

119 2095 212 2149 extra
236 2087 449 2153 dubitationem
472 2099 589 2169 ponunt
611 2090 824 2165 (Wilamowitz.
841 2092 874 2150 Α.
888 2090 924 2153 E.
947 2109 977 2168 p·
1003 2091 1062 2153 139
1085 2099 1114 2151 et
1134 2089 1213 2151 ibic

118 2173 326 2250 1t.255,uhi
348 2193 473 2253 prorsus
494 2184 574 2237 recte
597 2193 629 2235 ea
652 2175 688 2236 dc
710 2193 744 2236 re
767 2175 961 2254 disputatur);
985 2184 1017 2235 ut
1033 2174 1204 2254 opinionem

119 2257 168 2319 (le
182 2256 297 2319 Cressis
319 2266 352 2319 et
363 2258 491 2338 Thyeste
513 2259 603 2322 unius
625 2259 740 2322 lahulae
765 2260 934 2322 nominihus
956 2277 1017 2320 non
1040 2259 1137 2320 denuo
1158 2276 1205 2320 re·-

114 2342 307 2406 snscitatnm
329 2343 366 2405 iri
387 2344 453 2405 iure
476 2362 640 2423 speremus.
685 2344 737 2405 sed
766 2352 861 2406 utram
884 2343 1069 2424 potissimum
1092 2344 1204 2405 Seneca

106 2435 254 2489 ¹secutus
280 2428 322 2491 sit
348 2428 394 2489 vel
416 2429 483 2490 ideo
506 2430 622 2491 elhoere
646 2447 706 2490 non
730 2447 873 2491 conamur
895 2429 963 2508 quia
986 2428 1062 2490 Varii
1084 2446 1205 2507 quoque

117 2506 281 2591 'Thyesten
304 2511 435 2575 Senecae
460 2513 491 2574 iu
518 2513 656 2575 manihns
677 2514 769 2575 luisse
791 2520 904 2576 certum
928 2521 981 2573 est.
1024 2513 1205 2574 monendum

122 2596 348 2671 tantummodo,
370 2598 463 2659 solem
486 2607 554 2677 post
575 2606 727 2677 peractum
748 2598 865 2659 lacinus
888 2599 944 2659 iter
959 2606 1120 2659 uertentem
1144 2615 1205 2658 non

77 2730 81 2735 .
124 2680 224 2743 videri
248 2681 350 2743 aetatis
365 2681 507 2762 Euripide
529 2683 702 2763 posterioris
725 2683 876 2745 inventum
899 2701 973 2753 esse,
996 2681 1075 2760 quod
1094 2681 1207 2759 putarit

126 2763 309 2828 Welcherus
336 2773 377 2846 (p.
400 2769 491 2842 361);
521 2767 662 2829 nimirum
692 2768 731 2828 ita
761 2776 830 2829 nota
858 2767 997 2829 omnihus
1019 2775 1048 2827 et
1069 2766 1137 2827 trita
1158 2783 1207 2825 res

130 2858 180 2912 est
190 2854 228 2927 15)
245 2859 280 2915 ut
293 2869 310 2915 a
324 2852 490 2930 tragoediae
505 2851 691 2931 principibus
707 2853 737 2913 in
753 2853 864 2913 litteras
878 2852 997 2915 inducta
1014 2869 1078 2912 esse
1094 2850 1206 2911 debeat.

132 2934 264 3014 denique
286 2934 322 2996 de
337 2934 474 3015 Thyestis
496 2937 616 2998 oraculo
637 2937 762 3000 lahulam
785 2936 821 3000 ah
844 2936 960 3016 Hygino
975 2935 1077 2997 Servio
1092 2935 1207 3014 Mytho·

135 3019 203 3100 logo
215 3018 307 3080 Vatic.
329 3020 464 3082 traditam
486 3021 671 3097 (Welckerus
693 3042 722 3102 p.
739 3024 813 3098 367)
830 3022 942 3083 Seneca
964 3032 1066 3099 aperte
1088 3018 1209 3099 respicit

220 3275 256 3337 ln
280 3272 411 3335 Phaedra
433 3274 576 3337 Senecam
598 3294 659 3337 non
682 3274 875 3354 Hippolytum
898 3272 1097 3339 coronilerum
1116 3269 1206 3335 ¹Euri·

75 3436 77 3441 .
138 3357 212 3438 pidis
234 3365 372 3423 secutum
395 3377 460 3421 esse
481 3359 598 3439 pridem
619 3360 801 3425 intellectum
823 3367 882 3432 est;
913 3375 981 3423 nam
1003 3356 1071 3418 licet
1093 3355 1124 3419 iu
1146 3355 1208 3416 sin·

139 3444 214 3522 gulis
228 3444 402 3522 frequenter
417 3445 536 3524 utrique
550 3444 665 3506 fabulae
681 3443 845 3518 conversat,
856 3444 886 3504 in
903 3459 1016 3505 summa
1029 3440 1071 3502 rei
1087 3439 1208 3505 omniuo

142 3562 345 3577 W

224 3629 257 3692 ¹⁶)
275 3627 310 3680 ei.
327 3631 427 3694 praeter
445 3641 474 3679 ea
493 3642 559 3695 quae
575 3625 726 3680 Welclrerus
744 3626 901 3679 adfertis:
919 3623 966 3677 Or.
981 3639 1029 3676 am.
1045 3623 1085 3687 111,
1105 3626 1147 3686 12,
1164 3625 1209 3681 393

137 3694 190 3749 har.
210 3699 252 3761 15,
272 3697 335 3755 101;
352 3695 389 3748 lh.
407 3697 470 3756 427;
487 3694 613 3760 Ponth,
630 3699 655 3763 6,
673 3699 715 3748 tr.
741 3694 871 3763 Propr,
888 3696 931 3759 tt,
948 3696 989 3746 30.
1017 3691 1153 3755 Munillll,
1164 3693 1210 3756 183

138 3762 166 3831 r,
184 3766 246 3817 cca.
273 3762 368 3814 Lucan.
386 3763 405 3828 1,
423 3766 483 3822 sta
502 3763 554 3828 vn,
572 3766 631 3815 451.
658 3763 722 3817 sut.
736 3762 816 3814 rues.
829 3763 859 3829 n,
880 3763 940 3822 iah
958 3760 1001 3821 tu,
1013 3762 1076 3819 aon
1096 3758 1210 3821 x1,1m.

135 3831 211 3884 llari.
230 3831 275 3895 lll,
293 3833 374 3894 ts‚1
400 3831 456 3882 alia.
491 3837 603 3883 ceterum
627 3830 689 3883 illud
712 3846 769 3881 cum
794 3832 877 3897 priore
894 3829 1026 3897 prodigio,
1050 3825 1119 3892 qnod
1136 3825 1210 3876 Plato

135 3900 243 3967 respicit
260 3898 361 3951 Politio.
371 3916 395 3965 p.
405 3899 488 3953 totth
504 3905 531 3951 et
548 3897 689 3966 Sophocles
707 3899 764 3964 (hg.
776 3901 836 3962 oct)
851 3903 928 3964 atque
941 3893 1074 3961 Euripides
1083 3893 1141 3960 (hg.
1151 3895 1211 3953 853)

134 3968 286 4035 tetigerunt,
304 3967 370 4018 hene
387 3967 514 4020 conciliari
533 3971 626 4035 potest.
978 4000 981 4005 -
