<?xml version="1.0" encoding="UTF-8"?>
<!DOCTYPE html PUBLIC "-//W3C//DTD XHTML 1.0 Transitional//EN"
    "http://www.w3.org/TR/xhtml1/DTD/xhtml1-transitional.dtd">
<html xmlns="http://www.w3.org/1999/xhtml" xml:lang="en" lang="en">
 <head>
  <title>
</title>
<meta http-equiv="Content-Type" content="text/html;charset=utf-8" />
  <meta name='ocr-system' content='tesseract 3.04.00' />
  <meta name='ocr-capabilities' content='ocr_page ocr_carea ocr_par ocr_line ocrx_word'/>
</head>
<body>
  <div class='ocr_page' id='page_1' title='image "./tragoediae00leogoog_0016.png"; bbox 0 0 2580 4366; ppageno 0'>
   <div class='ocr_carea' id='block_1_1' title="bbox 408 168 1170 230">
    <p class='ocr_par' dir='ltr' id='par_1_1' title="bbox 408 168 1170 230">
     <span class='ocr_line' id='line_1_1' title="bbox 408 168 1170 230; baseline 0.005 -10"><span class='ocrx_word' id='word_1_1' title='bbox 408 177 448 220; x_wconf 82' lang='lat' dir='ltr'><strong>ns</strong></span> <span class='ocrx_word' id='word_1_2' title='bbox 468 178 661 221; x_wconf 83' lang='lat' dir='ltr'><strong>sncnussuors</strong></span> <span class='ocrx_word' id='word_1_3' title='bbox 684 179 862 223; x_wconf 84' lang='lat' dir='ltr'><strong>rmoonous.</strong></span> <span class='ocrx_word' id='word_1_4' title='bbox 1152 168 1170 230; x_wconf 90' lang='lat'><strong>3</strong></span> 
     </span>
    </p>
   </div>
   <div class='ocr_carea' id='block_1_2' title="bbox 104 327 1171 3963">
    <p class='ocr_par' dir='ltr' id='par_1_2' title="bbox 104 327 1171 3963">
     <span class='ocr_line' id='line_1_2' title="bbox 203 327 1171 410; baseline 0.008 -22"><span class='ocrx_word' id='word_1_5' title='bbox 203 327 275 390; x_wconf 84' lang='lat' dir='ltr'><strong>llere.</strong></span> <span class='ocrx_word' id='word_1_6' title='bbox 291 329 357 388; x_wconf 86' lang='lat' dir='ltr'><strong>Oet.</strong></span> <span class='ocrx_word' id='word_1_7' title='bbox 374 330 435 392; x_wconf 89' lang='lat'><strong>318</strong></span> <span class='ocrx_word' id='word_1_8' title='bbox 452 329 525 389; x_wconf 85' lang='lat' dir='ltr'><strong>haec</strong></span> <span class='ocrx_word' id='word_1_9' title='bbox 545 329 577 389; x_wconf 93' lang='lat' dir='ltr'><strong>in</strong></span> <span class='ocrx_word' id='word_1_10' title='bbox 592 328 776 410; x_wconf 83' lang='lat' dir='ltr'>interpolatis</span> <span class='ocrx_word' id='word_1_11' title='bbox 790 329 874 391; x_wconf 91' lang='lat' dir='ltr'><strong>libris</strong></span> <span class='ocrx_word' id='word_1_12' title='bbox 888 330 1030 409; x_wconf 83' lang='lat' dir='ltr'><strong>leguntur</strong></span> <span class='ocrx_word' id='word_1_13' title='bbox 1046 334 1171 396; x_wconf 84' lang='lat' dir='ltr'><strong>nutricis</strong></span> 
     </span>
     <span class='ocr_line' id='line_1_3' title="bbox 143 411 732 476; baseline 0.007 -6"><span class='ocrx_word' id='word_1_14' title='bbox 143 411 203 473; x_wconf 85' lang='lat' dir='ltr'><strong>rerba</strong></span> <span class='ocrx_word' id='word_1_15' title='bbox 213 413 368 476; x_wconf 82' lang='lat' dir='ltr'>Deianiram</span> <span class='ocrx_word' id='word_1_16' title='bbox 383 431 400 474; x_wconf 92' lang='lat' dir='ltr'><strong>a</strong></span> <span class='ocrx_word' id='word_1_17' title='bbox 414 413 526 475; x_wconf 78' lang='lat' dir='ltr'><strong>scelere</strong></span> <span class='ocrx_word' id='word_1_18' title='bbox 540 413 732 476; x_wconf 88' lang='lat' dir='ltr'><strong>deterrentis:</strong></span> 
     </span>
     <span class='ocr_line' id='line_1_4' title="bbox 301 500 906 580; baseline 0.002 -20"><span class='ocrx_word' id='word_1_19' title='bbox 301 516 388 577; x_wconf 82' lang='lat' dir='ltr'><strong>ropos</strong></span> <span class='ocrx_word' id='word_1_20' title='bbox 402 501 436 559; x_wconf 82' lang='lat' dir='ltr'><strong>io</strong></span> <span class='ocrx_word' id='word_1_21' title='bbox 449 500 519 560; x_wconf 82' lang='lat' dir='ltr'><strong>istos</strong></span> <span class='ocrx_word' id='word_1_22' title='bbox 533 507 613 561; x_wconf 73' lang='lat' dir='ltr'><strong>terro</strong></span> <span class='ocrx_word' id='word_1_23' title='bbox 627 509 778 579; x_wconf 65' lang='lat' dir='ltr'><strong>consumet</strong></span> <span class='ocrx_word' id='word_1_24' title='bbox 788 517 906 580; x_wconf 74' lang='lat' dir='ltr'><strong>puteos,</strong></span> 
     </span>
     <span class='ocr_line' id='line_1_5' title="bbox 304 583 965 664; baseline 0.003 -20"><span class='ocrx_word' id='word_1_25' title='bbox 304 584 458 662; x_wconf 73' lang='lat' dir='ltr'><strong>domusque</strong></span> <span class='ocrx_word' id='word_1_26' title='bbox 471 586 564 645; x_wconf 71' lang='lat' dir='ltr'><strong>secui</strong></span> <span class='ocrx_word' id='word_1_27' title='bbox 573 585 674 663; x_wconf 73' lang='lat' dir='ltr'><strong>prim</strong></span> <span class='ocrx_word' id='word_1_28' title='bbox 688 592 715 644; x_wconf 85' lang='lat' dir='ltr'><strong>et</strong></span> <span class='ocrx_word' id='word_1_29' title='bbox 728 583 860 646; x_wconf 81' lang='lat' dir='ltr'><strong>Aetolum</strong></span> <span class='ocrx_word' id='word_1_30' title='bbox 874 603 965 664; x_wconf 81' lang='lat' dir='ltr'><strong>pertus</strong></span> 
     </span>
     <span class='ocr_line' id='line_1_6' title="bbox 300 669 979 746; baseline 0.003 -18"><span class='ocrx_word' id='word_1_31' title='bbox 300 676 447 729; x_wconf 74' lang='lat' dir='ltr'><strong><em>sternetur</em></strong></span> <span class='ocrx_word' id='word_1_32' title='bbox 460 685 560 742; x_wconf 79' lang='lat' dir='ltr'><strong>omoe3</strong></span> <span class='ocrx_word' id='word_1_33' title='bbox 575 686 650 731; x_wconf 70' lang='lat' dir='ltr'><strong>sunu</strong></span> <span class='ocrx_word' id='word_1_34' title='bbox 664 673 723 730; x_wconf 82' lang='lat' dir='ltr'><strong>ium</strong></span> <span class='ocrx_word' id='word_1_35' title='bbox 738 669 847 730; x_wconf 85' lang='lat' dir='ltr'><strong>dudum</strong></span> <span class='ocrx_word' id='word_1_36' title='bbox 861 678 888 730; x_wconf 83' lang='lat' dir='ltr'><strong>et</strong></span> <span class='ocrx_word' id='word_1_37' title='bbox 901 669 979 746; x_wconf 81' lang='lat' dir='ltr'><strong>foces</strong></span> 
     </span>
     <span class='ocr_line' id='line_1_7' title="bbox 301 751 905 829; baseline 0.002 -16"><span class='ocrx_word' id='word_1_38' title='bbox 301 757 334 813; x_wconf 82' lang='lat' dir='ltr'><strong>io</strong></span> <span class='ocrx_word' id='word_1_39' title='bbox 349 760 376 814; x_wconf 87' lang='lat' dir='ltr'><strong>te</strong></span> <span class='ocrx_word' id='word_1_40' title='bbox 389 751 533 829; x_wconf 69' lang='lat' dir='ltr'><strong>[nentur.</strong></span> <span class='ocrx_word' id='word_1_41' title='bbox 563 753 705 815; x_wconf 80' lang='lat' dir='ltr'><strong>vindicem</strong></span> <span class='ocrx_word' id='word_1_42' title='bbox 719 752 803 815; x_wconf 84' lang='lat' dir='ltr'><strong>tellus</strong></span> <span class='ocrx_word' id='word_1_43' title='bbox 817 772 905 815; x_wconf 83' lang='lat' dir='ltr'><strong>suum</strong></span> 
     </span>
     <span class='ocr_line' id='line_1_8' title="bbox 300 835 658 916; baseline -0.003 -18"><span class='ocrx_word' id='word_1_44' title='bbox 300 835 431 914; x_wconf 79' lang='lat' dir='ltr'><strong>desendet</strong></span> <span class='ocrx_word' id='word_1_45' title='bbox 445 839 540 898; x_wconf 77' lang='lat' dir='ltr'><strong>omnis</strong></span> <span class='ocrx_word' id='word_1_46' title='bbox 555 855 579 897; x_wconf 91' lang='lat' dir='ltr'><strong>e.</strong></span> <span class='ocrx_word' id='word_1_47' title='bbox 593 855 620 916; x_wconf 90' lang='lat' dir='ltr'><strong>q.</strong></span> <span class='ocrx_word' id='word_1_48' title='bbox 634 857 658 898; x_wconf 94' lang='lat' dir='ltr'><strong>s.</strong></span> 
     </span>
     <span class='ocr_line' id='line_1_9' title="bbox 139 919 1168 1000; baseline 0.009 -25"><span class='ocrx_word' id='word_1_49' title='bbox 139 919 209 978; x_wconf 80' lang='lat' dir='ltr'><strong>nuoio</strong></span> <span class='ocrx_word' id='word_1_50' title='bbox 226 921 290 1000; x_wconf 83' lang='lat' dir='ltr'><strong>qnid</strong></span> <span class='ocrx_word' id='word_1_51' title='bbox 312 921 362 981; x_wconf 90' lang='lat' dir='ltr'><strong>hio</strong></span> <span class='ocrx_word' id='word_1_52' title='bbox 383 920 439 981; x_wconf 89' lang='lat' dir='ltr'><strong>sihi</strong></span> <span class='ocrx_word' id='word_1_53' title='bbox 461 921 529 982; x_wconf 85' lang='lat' dir='ltr'><strong>velit</strong></span> <span class='ocrx_word' id='word_1_54' title='bbox 544 929 640 983; x_wconf 88' lang='lat' dir='ltr'><strong>terrae</strong></span> <span class='ocrx_word' id='word_1_55' title='bbox 655 922 787 1000; x_wconf 87' lang='lat' dir='ltr'><strong>parentis</strong></span> <span class='ocrx_word' id='word_1_56' title='bbox 803 921 1023 997; x_wconf 84' lang='lat' dir='ltr'><strong>consurrectio;</strong></span> <span class='ocrx_word' id='word_1_57' title='bbox 1040 923 1091 984; x_wconf 90' lang='lat' dir='ltr'><strong>sed</strong></span> <span class='ocrx_word' id='word_1_58' title='bbox 1106 923 1168 984; x_wconf 87' lang='lat' dir='ltr'><strong>solo</strong></span> 
     </span>
     <span class='ocr_line' id='line_1_10' title="bbox 138 998 1169 1086; baseline 0.009 -26"><span class='ocrx_word' id='word_1_59' title='bbox 138 998 198 1079; x_wconf 80' lang='lat' dir='ltr'><strong>illam</strong></span> <span class='ocrx_word' id='word_1_60' title='bbox 215 1006 365 1085; x_wconf 87' lang='lat' dir='ltr'><strong>siquando</strong></span> <span class='ocrx_word' id='word_1_61' title='bbox 389 1006 617 1077; x_wconf 74' lang='lat' dir='ltr'><strong>consurrexerit,</strong></span> <span class='ocrx_word' id='word_1_62' title='bbox 641 1024 700 1067; x_wconf 93' lang='lat' dir='ltr'><strong>non</strong></span> <span class='ocrx_word' id='word_1_63' title='bbox 718 1005 849 1085; x_wconf 81' lang='lat' dir='ltr'><strong>singulas</strong></span> <span class='ocrx_word' id='word_1_64' title='bbox 865 1016 968 1086; x_wconf 81' lang='lat' dir='ltr'><strong>gentes</strong></span> <span class='ocrx_word' id='word_1_65' title='bbox 983 1007 1088 1069; x_wconf 89' lang='lat' dir='ltr'><strong>domus</strong></span> <span class='ocrx_word' id='word_1_66' title='bbox 1102 1025 1169 1069; x_wconf 90' lang='lat' dir='ltr'><strong>mu·</strong></span> 
     </span>
     <span class='ocr_line' id='line_1_11' title="bbox 137 1082 1166 1172; baseline 0.007 -27"><span class='ocrx_word' id='word_1_67' title='bbox 137 1082 237 1151; x_wconf 82' lang='lat' dir='ltr'><strong>lemnias</strong></span> <span class='ocrx_word' id='word_1_68' title='bbox 249 1108 470 1170; x_wconf 79' lang='lat' dir='ltr'><strong>aggressuram,</strong></span> <span class='ocrx_word' id='word_1_69' title='bbox 486 1091 538 1151; x_wconf 89' lang='lat' dir='ltr'><strong>sed</strong></span> <span class='ocrx_word' id='word_1_70' title='bbox 560 1090 658 1152; x_wconf 91' lang='lat' dir='ltr'><strong>omnia</strong></span> <span class='ocrx_word' id='word_1_71' title='bbox 674 1109 786 1170; x_wconf 88' lang='lat' dir='ltr'><strong>susque</strong></span> <span class='ocrx_word' id='word_1_72' title='bbox 801 1091 896 1172; x_wconf 88' lang='lat' dir='ltr'><strong>deque</strong></span> <span class='ocrx_word' id='word_1_73' title='bbox 911 1092 1075 1154; x_wconf 89' lang='lat' dir='ltr'><strong>habituram</strong></span> <span class='ocrx_word' id='word_1_74' title='bbox 1092 1111 1166 1154; x_wconf 88' lang='lat' dir='ltr'><strong>esse.</strong></span> 
     </span>
     <span class='ocr_line' id='line_1_12' title="bbox 136 1167 1063 1255; baseline 0.008 -25"><span class='ocrx_word' id='word_1_75' title='bbox 136 1167 175 1230; x_wconf 79' lang='lat' dir='ltr'><strong>itm</strong></span> <span class='ocrx_word' id='word_1_76' title='bbox 186 1173 236 1235; x_wconf 82' lang='lat' dir='ltr'><strong>ride</strong></span> <span class='ocrx_word' id='word_1_77' title='bbox 249 1175 325 1237; x_wconf 90' lang='lat' dir='ltr'><strong>unde</strong></span> <span class='ocrx_word' id='word_1_78' title='bbox 341 1183 494 1254; x_wconf 88' lang='lat' dir='ltr'><strong>parentem</strong></span> <span class='ocrx_word' id='word_1_79' title='bbox 510 1173 566 1235; x_wconf 90' lang='lat' dir='ltr'><strong>sibi</strong></span> <span class='ocrx_word' id='word_1_80' title='bbox 581 1194 665 1236; x_wconf 88' lang='lat' dir='ltr'><strong>suam</strong></span> <span class='ocrx_word' id='word_1_81' title='bbox 680 1176 874 1255; x_wconf 79' lang='lat' dir='ltr'><strong>interpolator</strong></span> <span class='ocrx_word' id='word_1_82' title='bbox 890 1177 1063 1239; x_wconf 90' lang='lat' dir='ltr'><strong>edolaverit:</strong></span> 
     </span>
     <span class='ocr_line' id='line_1_13' title="bbox 297 1260 890 1340; baseline 0.003 -19"><span class='ocrx_word' id='word_1_83' title='bbox 297 1260 406 1339; x_wconf 72' lang='lat' dir='ltr'><strong>uapor.</strong></span> <span class='ocrx_word' id='word_1_84' title='bbox 424 1263 456 1320; x_wconf 83' lang='lat' dir='ltr'><strong>in</strong></span> <span class='ocrx_word' id='word_1_85' title='bbox 470 1263 540 1321; x_wconf 81' lang='lat' dir='ltr'><strong>istos</strong></span> <span class='ocrx_word' id='word_1_86' title='bbox 554 1270 634 1322; x_wconf 79' lang='lat' dir='ltr'><strong>temo</strong></span> <span class='ocrx_word' id='word_1_87' title='bbox 648 1270 800 1340; x_wconf 78' lang='lat' dir='ltr'><strong>conserpet</strong></span> <span class='ocrx_word' id='word_1_88' title='bbox 815 1261 890 1323; x_wconf 85' lang='lat' dir='ltr'><strong>tures</strong></span> 
     </span>
     <span class='ocr_line' id='line_1_14' title="bbox 108 1336 1168 1423; baseline 0.01 -27"><span class='ocrx_word' id='word_1_89' title='bbox 108 1364 111 1367; x_wconf 96' lang='lat'>·</span> <span class='ocrx_word' id='word_1_90' title='bbox 135 1336 165 1397; x_wconf 87' lang='lat' dir='ltr'><strong>sio</strong></span> <span class='ocrx_word' id='word_1_91' title='bbox 175 1338 307 1404; x_wconf 81' lang='lat' dir='ltr'><strong>Etruscus.</strong></span> <span class='ocrx_word' id='word_1_92' title='bbox 336 1362 412 1423; x_wconf 89' lang='lat' dir='ltr'><strong>quae</strong></span> <span class='ocrx_word' id='word_1_93' title='bbox 427 1343 513 1405; x_wconf 85' lang='lat' dir='ltr'><strong>verba</strong></span> <span class='ocrx_word' id='word_1_94' title='bbox 529 1345 627 1405; x_wconf 83' lang='lat' dir='ltr'><strong>adhue</strong></span> <span class='ocrx_word' id='word_1_95' title='bbox 647 1363 738 1407; x_wconf 91' lang='lat' dir='ltr'><strong>sensu</strong></span> <span class='ocrx_word' id='word_1_96' title='bbox 753 1364 834 1407; x_wconf 88' lang='lat' dir='ltr'><strong>cassa</strong></span> <span class='ocrx_word' id='word_1_97' title='bbox 850 1346 889 1407; x_wconf 93' lang='lat' dir='ltr'><strong>ita</strong></span> <span class='ocrx_word' id='word_1_98' title='bbox 905 1345 1087 1408; x_wconf 90' lang='lat' dir='ltr'><strong>emendanda</strong></span> <span class='ocrx_word' id='word_1_99' title='bbox 1103 1364 1168 1408; x_wconf 88' lang='lat' dir='ltr'><strong>esse</strong></span> 
     </span>
     <span class='ocr_line' id='line_1_15' title="bbox 134 1428 1168 1510; baseline 0.009 -28"><span class='ocrx_word' id='word_1_100' title='bbox 134 1429 191 1499; x_wconf 88' lang='lat' dir='ltr'><strong>patet</strong></span> <span class='ocrx_word' id='word_1_101' title='bbox 201 1437 227 1490; x_wconf 92' lang='lat' dir='ltr'><strong>ut</strong></span> <span class='ocrx_word' id='word_1_102' title='bbox 239 1428 452 1508; x_wconf 85' lang='lat' dir='ltr'><strong>comperiamus</strong></span> <span class='ocrx_word' id='word_1_103' title='bbox 473 1428 568 1509; x_wconf 89' lang='lat' dir='ltr'><strong>qualis</strong></span> <span class='ocrx_word' id='word_1_104' title='bbox 584 1437 662 1491; x_wconf 89' lang='lat' dir='ltr'><strong>terra</strong></span> <span class='ocrx_word' id='word_1_105' title='bbox 676 1429 767 1491; x_wconf 90' lang='lat' dir='ltr'><strong>luerit</strong></span> <span class='ocrx_word' id='word_1_106' title='bbox 781 1449 870 1510; x_wconf 87' lang='lat' dir='ltr'><strong>quam</strong></span> <span class='ocrx_word' id='word_1_107' title='bbox 892 1434 925 1492; x_wconf 80' lang='lat' dir='ltr'><strong>in</strong></span> <span class='ocrx_word' id='word_1_108' title='bbox 940 1435 1008 1493; x_wconf 82' lang='lat' dir='ltr'><strong>istos</strong></span> <span class='ocrx_word' id='word_1_109' title='bbox 1030 1431 1105 1494; x_wconf 85' lang='lat' dir='ltr'><strong>tures</strong></span> <span class='ocrx_word' id='word_1_110' title='bbox 1120 1430 1168 1491; x_wconf 93' lang='lat' dir='ltr'><strong>in·</strong></span> 
     </span>
     <span class='ocr_line' id='line_1_16' title="bbox 134 1512 1169 1593; baseline 0.01 -27"><span class='ocrx_word' id='word_1_111' title='bbox 134 1523 246 1573; x_wconf 84' lang='lat' dir='ltr'><strong>cessuram</strong></span> <span class='ocrx_word' id='word_1_112' title='bbox 266 1532 330 1574; x_wconf 85' lang='lat' dir='ltr'><strong>esse</strong></span> <span class='ocrx_word' id='word_1_113' title='bbox 350 1513 452 1575; x_wconf 84' lang='lat' dir='ltr'><strong>nutrix</strong></span> <span class='ocrx_word' id='word_1_114' title='bbox 472 1512 599 1576; x_wconf 90' lang='lat' dir='ltr'><strong>nuntiat.</strong></span> <span class='ocrx_word' id='word_1_115' title='bbox 644 1534 719 1593; x_wconf 90' lang='lat' dir='ltr'><strong>quae</strong></span> <span class='ocrx_word' id='word_1_116' title='bbox 741 1533 809 1577; x_wconf 88' lang='lat' dir='ltr'><strong>oum</strong></span> <span class='ocrx_word' id='word_1_117' title='bbox 831 1516 929 1578; x_wconf 88' lang='lat' dir='ltr'><strong>statim</strong></span> <span class='ocrx_word' id='word_1_118' title='bbox 950 1515 1069 1577; x_wconf 84' lang='lat' dir='ltr'><strong>adiciat:</strong></span> <span class='ocrx_word' id='word_1_119' title='bbox 1100 1519 1169 1576; x_wconf 69' lang='lat' dir='ltr'><strong>oin</strong></span> 
     </span>
     <span class='ocr_line' id='line_1_17' title="bbox 133 1589 1167 1679; baseline 0.008 -28"><span class='ocrx_word' id='word_1_120' title='bbox 133 1589 197 1656; x_wconf 81' lang='lat' dir='ltr'><strong>tiron</strong></span> <span class='ocrx_word' id='word_1_121' title='bbox 213 1597 289 1660; x_wconf 81' lang='lat' dir='ltr'><strong>tetius</strong></span> <span class='ocrx_word' id='word_1_122' title='bbox 309 1617 397 1660; x_wconf 82' lang='lat' dir='ltr'><strong>suum</strong></span> <span class='ocrx_word' id='word_1_123' title='bbox 419 1597 549 1676; x_wconf 78' lang='lat' dir='ltr'><strong>desendet</strong></span> <span class='ocrx_word' id='word_1_124' title='bbox 570 1603 673 1672; x_wconf 80' lang='lat' dir='ltr'><strong>omnis,</strong></span> <span class='ocrx_word' id='word_1_125' title='bbox 695 1599 796 1679; x_wconf 91' lang='lat' dir='ltr'><strong>priore</strong></span> <span class='ocrx_word' id='word_1_126' title='bbox 818 1600 885 1661; x_wconf 83' lang='lat' dir='ltr'><strong>loeo</strong></span> <span class='ocrx_word' id='word_1_127' title='bbox 900 1607 1014 1663; x_wconf 91' lang='lat' dir='ltr'><strong>tantum</strong></span> <span class='ocrx_word' id='word_1_128' title='bbox 1029 1599 1167 1662; x_wconf 82' lang='lat' dir='ltr'><strong>Herculis</strong></span> 
     </span>
     <span class='ocr_line' id='line_1_18' title="bbox 132 1679 865 1762; baseline 0.012 -26"><span class='ocrx_word' id='word_1_129' title='bbox 132 1679 224 1754; x_wconf 81' lang='lat' dir='ltr'><strong>patriam</strong></span> <span class='ocrx_word' id='word_1_130' title='bbox 238 1683 389 1744; x_wconf 91' lang='lat' dir='ltr'><strong>nominare</strong></span> <span class='ocrx_word' id='word_1_131' title='bbox 404 1683 510 1762; x_wconf 90' lang='lat' dir='ltr'><strong>potuit.</strong></span> <span class='ocrx_word' id='word_1_132' title='bbox 555 1683 744 1744; x_wconf 82' lang='lat' dir='ltr'><strong>scribendum</strong></span> <span class='ocrx_word' id='word_1_133' title='bbox 760 1685 865 1762; x_wconf 84' lang='lat' dir='ltr'><strong>igitur:</strong></span> 
     </span>
     <span class='ocr_line' id='line_1_19' title="bbox 132 1766 962 1853; baseline 0.002 -24"><span class='ocrx_word' id='word_1_134' title='bbox 132 1841 137 1853; x_wconf 23' lang='grc' dir='ltr'>ι</span> <span class='ocrx_word' id='word_1_135' title='bbox 298 1766 458 1831; x_wconf 78' lang='lat' dir='ltr'><strong>Graiorum</strong></span> <span class='ocrx_word' id='word_1_136' title='bbox 472 1771 505 1829; x_wconf 79' lang='lat' dir='ltr'><strong>io</strong></span> <span class='ocrx_word' id='word_1_137' title='bbox 520 1771 590 1830; x_wconf 84' lang='lat' dir='ltr'><strong>istos</strong></span> <span class='ocrx_word' id='word_1_138' title='bbox 603 1777 683 1830; x_wconf 86' lang='lat' dir='ltr'><strong>terra</strong></span> <span class='ocrx_word' id='word_1_139' title='bbox 696 1777 848 1849; x_wconf 80' lang='lat' dir='ltr'><strong>ooosurpet</strong></span> <span class='ocrx_word' id='word_1_140' title='bbox 863 1768 945 1831; x_wconf 84' lang='lat' dir='ltr'><strong>lares.</strong></span> <span class='ocrx_word' id='word_1_141' title='bbox 960 1816 962 1820; x_wconf 14' lang='lat' dir='ltr'><strong>a</strong></span> 
     </span>
     <span class='ocr_line' id='line_1_20' title="bbox 131 1849 1165 1937; baseline 0.008 -33"><span class='ocrx_word' id='word_1_142' title='bbox 131 1860 154 1937; x_wconf 67' lang='lat' dir='ltr'><strong>in</strong></span> <span class='ocrx_word' id='word_1_143' title='bbox 169 1849 251 1911; x_wconf 86' lang='lat' dir='ltr'><strong>eodem</strong></span> <span class='ocrx_word' id='word_1_144' title='bbox 278 1852 439 1933; x_wconf 81' lang='lat' dir='ltr'><strong>conloquio</strong></span> <span class='ocrx_word' id='word_1_145' title='bbox 459 1854 559 1914; x_wconf 85' lang='lat' dir='ltr'><strong>nutrix</strong></span> <span class='ocrx_word' id='word_1_146' title='bbox 584 1852 752 1914; x_wconf 84' lang='lat' dir='ltr'><strong>Deianiram</strong></span> <span class='ocrx_word' id='word_1_147' title='bbox 778 1853 949 1915; x_wconf 81' lang='lat' dir='ltr'><strong>consolatur</strong></span> <span class='ocrx_word' id='word_1_148' title='bbox 969 1851 1165 1932; x_wconf 84' lang='lat' dir='ltr'><strong>praedicando</strong></span> 
     </span>
     <span class='ocr_line' id='line_1_21' title="bbox 131 1936 1166 2080; baseline 0.001 -85"><span class='ocrx_word' id='word_1_149' title='bbox 131 1943 154 1988; x_wconf 80' lang='lat'><strong>¹11</strong></span> <span class='ocrx_word' id='word_1_150' title='bbox 162 1947 251 2080; x_wconf 59' lang='lat' dir='ltr'><strong>3ofitnnes</strong></span> <span class='ocrx_word' id='word_1_151' title='bbox 264 1936 378 2017; x_wconf 88' lang='lat' dir='ltr'><strong>puellas</strong></span> <span class='ocrx_word' id='word_1_152' title='bbox 399 1945 515 2017; x_wconf 91' lang='lat' dir='ltr'><strong>praeter</strong></span> <span class='ocrx_word' id='word_1_153' title='bbox 536 1937 630 2017; x_wconf 85' lang='lat' dir='ltr'><strong>ipsam</strong></span> <span class='ocrx_word' id='word_1_154' title='bbox 645 1937 726 1999; x_wconf 87' lang='lat' dir='ltr'><strong>brevi</strong></span> <span class='ocrx_word' id='word_1_155' title='bbox 741 1956 842 1999; x_wconf 91' lang='lat' dir='ltr'><strong>amore</strong></span> <span class='ocrx_word' id='word_1_156' title='bbox 856 1937 1016 2000; x_wconf 84' lang='lat' dir='ltr'><strong>Herculem</strong></span> <span class='ocrx_word' id='word_1_157' title='bbox 1030 1936 1166 1999; x_wconf 84' lang='lat' dir='ltr'><strong>ualuisse.</strong></span> 
     </span>
     <span class='ocr_line' id='line_1_22' title="bbox 130 2021 221 2082; baseline -0.033 0"><span class='ocrx_word' id='word_1_158' title='bbox 130 2027 162 2071; x_wconf 83' lang='lat' dir='ltr'><strong>u·</strong></span> <span class='ocrx_word' id='word_1_159' title='bbox 193 2021 221 2082; x_wconf 82' lang='lat' dir='ltr'><strong>h:</strong></span> 
     </span>
     <span class='ocr_line' id='line_1_23' title="bbox 295 2105 911 2187; baseline -0.002 -20"><span class='ocrx_word' id='word_1_160' title='bbox 295 2106 422 2169; x_wconf 78' lang='lat' dir='ltr'><strong>Arcadio</strong></span> <span class='ocrx_word' id='word_1_161' title='bbox 436 2123 536 2187; x_wconf 82' lang='lat' dir='ltr'><strong>nempe</strong></span> <span class='ocrx_word' id='word_1_162' title='bbox 550 2109 633 2185; x_wconf 79' lang='lat' dir='ltr'><strong>sirpo</strong></span> <span class='ocrx_word' id='word_1_163' title='bbox 650 2105 797 2169; x_wconf 81' lang='lat' dir='ltr'><strong>Palladios</strong></span> <span class='ocrx_word' id='word_1_164' title='bbox 811 2106 911 2168; x_wconf 85' lang='lat' dir='ltr'><strong>choros</strong></span> 
     </span>
     <span class='ocr_line' id='line_1_24' title="bbox 297 2191 982 2272; baseline -0.001 -20"><span class='ocrx_word' id='word_1_165' title='bbox 297 2191 367 2254; x_wconf 84' lang='lat' dir='ltr'><strong>dum</strong></span> <span class='ocrx_word' id='word_1_166' title='bbox 381 2195 477 2263; x_wconf 83' lang='lat' dir='ltr'><strong>nectit,</strong></span> <span class='ocrx_word' id='word_1_167' title='bbox 491 2191 578 2270; x_wconf 73' lang='lat' dir='ltr'><strong>dupe,</strong></span> <span class='ocrx_word' id='word_1_168' title='bbox 594 2194 655 2251; x_wconf 81' lang='lat' dir='ltr'><strong>utin</strong></span> <span class='ocrx_word' id='word_1_169' title='bbox 668 2194 765 2271; x_wconf 77' lang='lat' dir='ltr'><strong>stupri</strong></span> <span class='ocrx_word' id='word_1_170' title='bbox 773 2210 861 2272; x_wconf 80' lang='lat' dir='ltr'><strong>passo</strong></span> <span class='ocrx_word' id='word_1_171' title='bbox 876 2191 982 2252; x_wconf 70' lang='lat' dir='ltr'><strong>asciuit</strong></span> 
     </span>
     <span class='ocr_line' id='line_1_25' title="bbox 296 2275 977 2356; baseline -0.003 -18"><span class='ocrx_word' id='word_1_172' title='bbox 296 2276 464 2356; x_wconf 79' lang='lat' dir='ltr'><strong>nullumque</strong></span> <span class='ocrx_word' id='word_1_173' title='bbox 478 2279 588 2338; x_wconf 79' lang='lat' dir='ltr'><strong>umoris</strong></span> <span class='ocrx_word' id='word_1_174' title='bbox 601 2279 705 2337; x_wconf 82' lang='lat' dir='ltr'><strong>retinet</strong></span> <span class='ocrx_word' id='word_1_175' title='bbox 719 2275 857 2337; x_wconf 83' lang='lat' dir='ltr'><strong>Herculei</strong></span> <span class='ocrx_word' id='word_1_176' title='bbox 867 2284 977 2338; x_wconf 82' lang='lat' dir='ltr'><strong>notum.</strong></span> 
     </span>
     <span class='ocr_line' id='line_1_26' title="bbox 129 2349 1164 2436; baseline 0.014 -30"><span class='ocrx_word' id='word_1_177' title='bbox 129 2355 151 2408; x_wconf 85' lang='lat' dir='ltr'><strong>at</strong></span> <span class='ocrx_word' id='word_1_178' title='bbox 161 2349 260 2436; x_wconf 80' lang='lat' dir='ltr'><strong>Telephi</strong></span> <span class='ocrx_word' id='word_1_179' title='bbox 274 2368 395 2423; x_wconf 89' lang='lat' dir='ltr'><strong>matrem</strong></span> <span class='ocrx_word' id='word_1_180' title='bbox 418 2360 528 2422; x_wconf 89' lang='lat' dir='ltr'><strong>nullam</strong></span> <span class='ocrx_word' id='word_1_181' title='bbox 544 2360 652 2421; x_wconf 89' lang='lat' dir='ltr'><strong>amoris</strong></span> <span class='ocrx_word' id='word_1_182' title='bbox 667 2359 806 2423; x_wconf 82' lang='lat' dir='ltr'><strong>Herculei</strong></span> <span class='ocrx_word' id='word_1_183' title='bbox 821 2371 922 2432; x_wconf 90' lang='lat' dir='ltr'><strong>notam</strong></span> <span class='ocrx_word' id='word_1_184' title='bbox 936 2359 1096 2421; x_wconf 85' lang='lat' dir='ltr'><strong>retinuisse</strong></span> <span class='ocrx_word' id='word_1_185' title='bbox 1110 2377 1164 2421; x_wconf 93' lang='lat' dir='ltr'><strong>au·</strong></span> 
     </span>
     <span class='ocr_line' id='line_1_27' title="bbox 129 2431 1165 2528; baseline 0.008 -31"><span class='ocrx_word' id='word_1_186' title='bbox 129 2431 204 2528; x_wconf 73' lang='lat' dir='ltr'><strong>uapor</strong></span> <span class='ocrx_word' id='word_1_187' title='bbox 221 2443 324 2506; x_wconf 82' lang='lat' dir='ltr'><strong>dietum</strong></span> <span class='ocrx_word' id='word_1_188' title='bbox 348 2455 408 2519; x_wconf 88' lang='lat' dir='ltr'><strong>est;</strong></span> <span class='ocrx_word' id='word_1_189' title='bbox 432 2464 488 2506; x_wconf 89' lang='lat' dir='ltr'><strong>neo</strong></span> <span class='ocrx_word' id='word_1_190' title='bbox 511 2463 582 2505; x_wconf 90' lang='lat' dir='ltr'><strong>sane</strong></span> <span class='ocrx_word' id='word_1_191' title='bbox 604 2445 639 2506; x_wconf 87' lang='lat' dir='ltr'><strong>ad</strong></span> <span class='ocrx_word' id='word_1_192' title='bbox 661 2463 739 2505; x_wconf 88' lang='lat' dir='ltr'><strong>rern:</strong></span> <span class='ocrx_word' id='word_1_193' title='bbox 764 2445 861 2523; x_wconf 82' lang='lat' dir='ltr'><strong>agitur</strong></span> <span class='ocrx_word' id='word_1_194' title='bbox 882 2444 961 2506; x_wconf 88' lang='lat' dir='ltr'><strong>enim</strong></span> <span class='ocrx_word' id='word_1_195' title='bbox 978 2445 1013 2506; x_wconf 88' lang='lat' dir='ltr'><strong>de</strong></span> <span class='ocrx_word' id='word_1_196' title='bbox 1027 2440 1165 2505; x_wconf 87' lang='lat' dir='ltr'><strong>Herouhs</strong></span> 
     </span>
     <span class='ocr_line' id='line_1_28' title="bbox 127 2528 1163 2612; baseline 0.006 -29"><span class='ocrx_word' id='word_1_197' title='bbox 127 2533 202 2612; x_wconf 60' lang='lat' dir='ltr'><strong>altimo</strong></span> <span class='ocrx_word' id='word_1_198' title='bbox 214 2530 365 2590; x_wconf 85' lang='lat' dir='ltr'><strong>amicarum</strong></span> <span class='ocrx_word' id='word_1_199' title='bbox 380 2529 563 2590; x_wconf 90' lang='lat' dir='ltr'><strong>immemore.</strong></span> <span class='ocrx_word' id='word_1_200' title='bbox 593 2530 628 2590; x_wconf 87' lang='lat' dir='ltr'><strong>ad</strong></span> <span class='ocrx_word' id='word_1_201' title='bbox 644 2548 731 2608; x_wconf 91' lang='lat' dir='ltr'><strong>quam</strong></span> <span class='ocrx_word' id='word_1_202' title='bbox 747 2530 923 2591; x_wconf 88' lang='lat' dir='ltr'><strong>sententiam</strong></span> <span class='ocrx_word' id='word_1_203' title='bbox 939 2528 1064 2608; x_wconf 93' lang='lat' dir='ltr'><strong>propius</strong></span> <span class='ocrx_word' id='word_1_204' title='bbox 1079 2547 1163 2589; x_wconf 86' lang='lat' dir='ltr'><strong>aooe-</strong></span> 
     </span>
     <span class='ocr_line' id='line_1_29' title="bbox 126 2600 1162 2695; baseline 0.014 -36"><span class='ocrx_word' id='word_1_205' title='bbox 126 2600 159 2662; x_wconf 89' lang='lat' dir='ltr'><strong>drt</strong></span> <span class='ocrx_word' id='word_1_206' title='bbox 171 2604 267 2675; x_wconf 78' lang='lat' dir='ltr'><strong>Etrusci</strong></span> <span class='ocrx_word' id='word_1_207' title='bbox 282 2616 444 2695; x_wconf 86' lang='lat' dir='ltr'><strong>scriptura:</strong></span> <span class='ocrx_word' id='word_1_208' title='bbox 459 2618 565 2675; x_wconf 82' lang='lat' dir='ltr'><strong>retinet</strong></span> <span class='ocrx_word' id='word_1_209' title='bbox 579 2613 713 2676; x_wconf 81' lang='lat' dir='ltr'><strong>Herculis</strong></span> <span class='ocrx_word' id='word_1_210' title='bbox 727 2624 835 2676; x_wconf 82' lang='lat' dir='ltr'><strong>notum.</strong></span> <span class='ocrx_word' id='word_1_211' title='bbox 859 2632 947 2694; x_wconf 87' lang='lat' dir='ltr'><strong>quam</strong></span> <span class='ocrx_word' id='word_1_212' title='bbox 958 2611 1027 2674; x_wconf 87' lang='lat' dir='ltr'><strong>vitio</strong></span> <span class='ocrx_word' id='word_1_213' title='bbox 1039 2613 1162 2674; x_wconf 83' lang='lat' dir='ltr'><strong>metrico</strong></span> 
     </span>
     <span class='ocr_line' id='line_1_30' title="bbox 124 2697 1163 2785; baseline -0.004 -21"><span class='ocrx_word' id='word_1_214' title='bbox 124 2703 272 2785; x_wconf 68' lang='lat' dir='ltr'><strong>purgaturus</strong></span> <span class='ocrx_word' id='word_1_215' title='bbox 286 2717 425 2774; x_wconf 89' lang='lat' dir='ltr'><strong>sensum,</strong></span> <span class='ocrx_word' id='word_1_216' title='bbox 447 2706 481 2759; x_wconf 88' lang='lat' dir='ltr'><strong>ut</strong></span> <span class='ocrx_word' id='word_1_217' title='bbox 502 2697 624 2772; x_wconf 88' lang='lat' dir='ltr'><strong>solebat,</strong></span> <span class='ocrx_word' id='word_1_218' title='bbox 647 2699 850 2778; x_wconf 78' lang='lat' dir='ltr'><strong>pessumdedit</strong></span> <span class='ocrx_word' id='word_1_219' title='bbox 864 2699 1057 2779; x_wconf 88' lang='lat' dir='ltr'><strong>interpolator</strong></span> <span class='ocrx_word' id='word_1_220' title='bbox 1072 2708 1101 2760; x_wconf 92' lang='lat' dir='ltr'><strong>et</strong></span> <span class='ocrx_word' id='word_1_221' title='bbox 1116 2697 1163 2760; x_wconf 89' lang='lat' dir='ltr'><strong>in-</strong></span> 
     </span>
     <span class='ocr_line' id='line_1_31' title="bbox 124 2781 698 2863; baseline 0.019 -32"><span class='ocrx_word' id='word_1_222' title='bbox 124 2781 203 2853; x_wconf 81' lang='lat' dir='ltr'><strong>rert1t3</strong></span> <span class='ocrx_word' id='word_1_223' title='bbox 216 2783 332 2845; x_wconf 91' lang='lat' dir='ltr'><strong>reddere</strong></span> <span class='ocrx_word' id='word_1_224' title='bbox 347 2791 444 2844; x_wconf 90' lang='lat' dir='ltr'><strong>autem</strong></span> <span class='ocrx_word' id='word_1_225' title='bbox 461 2790 564 2863; x_wconf 89' lang='lat' dir='ltr'><strong>poetae</strong></span> <span class='ocrx_word' id='word_1_226' title='bbox 580 2782 698 2844; x_wconf 87' lang='lat' dir='ltr'><strong>debuit:</strong></span> 
     </span>
     <span class='ocr_line' id='line_1_32' title="bbox 294 2867 974 2948; baseline -0.007 -18"><span class='ocrx_word' id='word_1_227' title='bbox 294 2869 461 2948; x_wconf 72' lang='lat' dir='ltr'><strong>nullumque</strong></span> <span class='ocrx_word' id='word_1_228' title='bbox 475 2871 583 2930; x_wconf 75' lang='lat' dir='ltr'><strong>umoris</strong></span> <span class='ocrx_word' id='word_1_229' title='bbox 596 2867 735 2929; x_wconf 82' lang='lat' dir='ltr'><strong>Hercules</strong></span> <span class='ocrx_word' id='word_1_230' title='bbox 748 2870 852 2929; x_wconf 81' lang='lat' dir='ltr'><strong>retinet</strong></span> <span class='ocrx_word' id='word_1_231' title='bbox 865 2876 974 2929; x_wconf 82' lang='lat' dir='ltr'><strong>notum.</strong></span> 
     </span>
     <span class='ocr_line' id='line_1_33' title="bbox 121 2947 1163 3031; baseline 0.002 -23"><span class='ocrx_word' id='word_1_232' title='bbox 121 2947 192 3019; x_wconf 70' lang='lat' dir='ltr'><strong>tique</strong></span> <span class='ocrx_word' id='word_1_233' title='bbox 207 2947 247 3012; x_wconf 89' lang='lat' dir='ltr'><strong>his</strong></span> <span class='ocrx_word' id='word_1_234' title='bbox 267 2953 386 3031; x_wconf 89' lang='lat' dir='ltr'><strong>quidem</strong></span> <span class='ocrx_word' id='word_1_235' title='bbox 407 2953 480 3014; x_wconf 90' lang='lat' dir='ltr'><strong>loois</strong></span> <span class='ocrx_word' id='word_1_236' title='bbox 496 2953 566 3014; x_wconf 89' lang='lat' dir='ltr'><strong>satis</strong></span> <span class='ocrx_word' id='word_1_237' title='bbox 580 2953 711 3014; x_wconf 87' lang='lat' dir='ltr'><strong>modeste</strong></span> <span class='ocrx_word' id='word_1_238' title='bbox 726 2953 823 3014; x_wconf 88' lang='lat' dir='ltr'><strong>olfioio</strong></span> <span class='ocrx_word' id='word_1_239' title='bbox 840 2971 894 3013; x_wconf 89' lang='lat' dir='ltr'><strong>suo</strong></span> <span class='ocrx_word' id='word_1_240' title='bbox 911 2961 1061 3013; x_wconf 83' lang='lat' dir='ltr'><strong>corrector</strong></span> <span class='ocrx_word' id='word_1_241' title='bbox 1074 2951 1163 3011; x_wconf 88' lang='lat' dir='ltr'><strong>luno·</strong></span> 
     </span>
     <span class='ocr_line' id='line_1_34' title="bbox 120 3031 1162 3117; baseline 0.011 -34"><span class='ocrx_word' id='word_1_242' title='bbox 120 3031 161 3084; x_wconf 89' lang='lat' dir='ltr'><strong>tus</strong></span> <span class='ocrx_word' id='word_1_243' title='bbox 173 3040 220 3107; x_wconf 87' lang='lat' dir='ltr'><strong>est;</strong></span> <span class='ocrx_word' id='word_1_244' title='bbox 239 3038 450 3115; x_wconf 88' lang='lat' dir='ltr'><strong>proterviorem</strong></span> <span class='ocrx_word' id='word_1_245' title='bbox 472 3037 601 3098; x_wconf 88' lang='lat' dir='ltr'><strong>eiusdem</strong></span> <span class='ocrx_word' id='word_1_246' title='bbox 621 3055 742 3098; x_wconf 91' lang='lat' dir='ltr'><strong>manum</strong></span> <span class='ocrx_word' id='word_1_247' title='bbox 763 3045 792 3100; x_wconf 89' lang='lat' dir='ltr'><strong>et</strong></span> <span class='ocrx_word' id='word_1_248' title='bbox 813 3056 900 3117; x_wconf 88' lang='lat' dir='ltr'><strong>saepe</strong></span> <span class='ocrx_word' id='word_1_249' title='bbox 916 3035 1117 3116; x_wconf 89' lang='lat' dir='ltr'><strong>deprehendas</strong></span> <span class='ocrx_word' id='word_1_250' title='bbox 1133 3041 1162 3095; x_wconf 92' lang='lat' dir='ltr'><strong>et</strong></span> 
     </span>
     <span class='ocr_line' id='line_1_35' title="bbox 120 3114 1161 3209; baseline 0.001 -33"><span class='ocrx_word' id='word_1_251' title='bbox 120 3129 142 3170; x_wconf 81' lang='lat' dir='ltr'><strong>e·</strong></span> <span class='ocrx_word' id='word_1_252' title='bbox 155 3128 176 3209; x_wconf 72' lang='lat'><strong>⁸:</strong></span> <span class='ocrx_word' id='word_1_253' title='bbox 189 3114 283 3185; x_wconf 86' lang='lat' dir='ltr'><strong>Phaed.</strong></span> <span class='ocrx_word' id='word_1_254' title='bbox 302 3126 381 3198; x_wconf 80' lang='lat'>6413</span> <span class='ocrx_word' id='word_1_255' title='bbox 405 3122 456 3183; x_wconf 92' lang='lat' dir='ltr'><strong>ubi</strong></span> <span class='ocrx_word' id='word_1_256' title='bbox 479 3140 547 3182; x_wconf 88' lang='lat' dir='ltr'><strong>oum</strong></span> <span class='ocrx_word' id='word_1_257' title='bbox 569 3121 722 3202; x_wconf 84' lang='lat' dir='ltr'><strong>scripserit</strong></span> <span class='ocrx_word' id='word_1_258' title='bbox 743 3122 867 3199; x_wconf 84' lang='lat' dir='ltr'><strong>Seneca,</strong></span> <span class='ocrx_word' id='word_1_259' title='bbox 890 3122 969 3202; x_wconf 87' lang='lat' dir='ltr'><strong>quod</strong></span> <span class='ocrx_word' id='word_1_260' title='bbox 993 3121 1063 3182; x_wconf 88' lang='lat' dir='ltr'><strong>vidit</strong></span> <span class='ocrx_word' id='word_1_261' title='bbox 1086 3119 1161 3180; x_wconf 85' lang='lat' dir='ltr'><strong>Gro-</strong></span> 
     </span>
     <span class='ocr_line' id='line_1_36' title="bbox 119 3213 216 3264; baseline 0.093 -8"><span class='ocrx_word' id='word_1_262' title='bbox 119 3213 216 3264; x_wconf 87' lang='lat' dir='ltr'><strong>nonus:</strong></span> 
     </span>
     <span class='ocr_line' id='line_1_37' title="bbox 497 3288 809 3367; baseline 0.003 -16"><span class='ocrx_word' id='word_1_263' title='bbox 497 3293 609 3351; x_wconf 79' lang='lat' dir='ltr'><strong>intimis</strong></span> <span class='ocrx_word' id='word_1_264' title='bbox 623 3293 713 3352; x_wconf 83' lang='lat' dir='ltr'><strong>suevit</strong></span> <span class='ocrx_word' id='word_1_265' title='bbox 727 3288 809 3367; x_wconf 83' lang='lat' dir='ltr'><strong>seros</strong></span> 
     </span>
     <span class='ocr_line' id='line_1_38' title="bbox 294 3374 683 3454; baseline 0.005 -19"><span class='ocrx_word' id='word_1_266' title='bbox 294 3374 451 3436; x_wconf 79' lang='lat' dir='ltr'><strong>visceribus</strong></span> <span class='ocrx_word' id='word_1_267' title='bbox 466 3378 542 3454; x_wconf 75' lang='lat' dir='ltr'><strong>ipsis</strong></span> <span class='ocrx_word' id='word_1_268' title='bbox 562 3393 683 3447; x_wconf 70' lang='lat' dir='ltr'><strong>merom,</strong></span> 
     </span>
     <span class='ocr_line' id='line_1_39' title="bbox 110 3451 1161 3538; baseline 0.002 -24"><span class='ocrx_word' id='word_1_269' title='bbox 110 3452 138 3514; x_wconf 92' lang='lat' dir='ltr'><strong>in</strong></span> <span class='ocrx_word' id='word_1_270' title='bbox 151 3451 262 3520; x_wconf 78' lang='lat' dir='ltr'><strong>Etrusco</strong></span> <span class='ocrx_word' id='word_1_271' title='bbox 282 3458 407 3538; x_wconf 85' lang='lat' dir='ltr'><strong>legitur:</strong></span> <span class='ocrx_word' id='word_1_272' title='bbox 431 3463 543 3521; x_wconf 80' lang='lat' dir='ltr'><strong>intimis</strong></span> <span class='ocrx_word' id='word_1_273' title='bbox 559 3460 631 3538; x_wconf 80' lang='lat' dir='ltr'><strong>ferat</strong></span> <span class='ocrx_word' id='word_1_274' title='bbox 650 3458 742 3537; x_wconf 82' lang='lat' dir='ltr'><strong>seros.</strong></span> <span class='ocrx_word' id='word_1_275' title='bbox 787 3456 866 3537; x_wconf 90' lang='lat' dir='ltr'><strong>quod</strong></span> <span class='ocrx_word' id='word_1_276' title='bbox 889 3455 975 3517; x_wconf 91' lang='lat' dir='ltr'><strong>ulous</strong></span> <span class='ocrx_word' id='word_1_277' title='bbox 998 3463 1030 3517; x_wconf 90' lang='lat' dir='ltr'><strong>ut</strong></span> <span class='ocrx_word' id='word_1_278' title='bbox 1044 3463 1161 3517; x_wconf 87' lang='lat' dir='ltr'><strong>sanaret</strong></span> 
     </span>
     <span class='ocr_line' id='line_1_40' title="bbox 106 3537 1161 3621; baseline 0.001 -19"><span class='ocrx_word' id='word_1_279' title='bbox 106 3537 150 3602; x_wconf 84' lang='lat' dir='ltr'><strong>ille</strong></span> <span class='ocrx_word' id='word_1_280' title='bbox 167 3559 276 3606; x_wconf 82' lang='lat' dir='ltr'><strong>versum</strong></span> <span class='ocrx_word' id='word_1_281' title='bbox 298 3543 448 3605; x_wconf 88' lang='lat' dir='ltr'><strong>Phaedrae</strong></span> <span class='ocrx_word' id='word_1_282' title='bbox 477 3544 603 3606; x_wconf 90' lang='lat' dir='ltr'><strong>orationi</strong></span> <span class='ocrx_word' id='word_1_283' title='bbox 630 3544 757 3605; x_wconf 89' lang='lat' dir='ltr'><strong>solidum</strong></span> <span class='ocrx_word' id='word_1_284' title='bbox 781 3559 816 3602; x_wconf 86' lang='lat' dir='ltr'><strong>ex</strong></span> <span class='ocrx_word' id='word_1_285' title='bbox 838 3542 972 3604; x_wconf 90' lang='lat' dir='ltr'><strong>eiusdem</strong></span> <span class='ocrx_word' id='word_1_286' title='bbox 994 3541 1161 3621; x_wconf 82' lang='lat' dir='ltr'><strong>tragoediae</strong></span> 
     </span>
     <span class='ocr_line' id='line_1_41' title="bbox 104 3627 776 3709; baseline 0 -23"><span class='ocrx_word' id='word_1_287' title='bbox 104 3645 126 3688; x_wconf 82' lang='lat' dir='ltr'><strong>r.</strong></span> <span class='ocrx_word' id='word_1_288' title='bbox 140 3627 195 3690; x_wconf 82' lang='lat'><strong>279</strong></span> <span class='ocrx_word' id='word_1_289' title='bbox 209 3648 254 3709; x_wconf 88' lang='lat' dir='ltr'><strong>sq.</strong></span> <span class='ocrx_word' id='word_1_290' title='bbox 270 3629 430 3691; x_wconf 79' lang='lat' dir='ltr'><strong>confictum</strong></span> <span class='ocrx_word' id='word_1_291' title='bbox 446 3628 568 3690; x_wconf 89' lang='lat' dir='ltr'><strong>intrusit</strong></span> <span class='ocrx_word' id='word_1_292' title='bbox 581 3628 776 3708; x_wconf 76' lang='lat' dir='ltr'><strong>scripsitque:</strong></span> 
     </span>
     <span class='ocr_line' id='line_1_42' title="bbox 496 3718 830 3775; baseline -0.012 -1"><span class='ocrx_word' id='word_1_293' title='bbox 496 3718 614 3775; x_wconf 81' lang='lat' dir='ltr'><strong>intimos</strong></span> <span class='ocrx_word' id='word_1_294' title='bbox 628 3732 730 3775; x_wconf 83' lang='lat' dir='ltr'><strong>suevus</strong></span> <span class='ocrx_word' id='word_1_295' title='bbox 743 3719 830 3772; x_wconf 84' lang='lat' dir='ltr'><strong>vorat</strong></span> 
     </span>
     <span class='ocr_line' id='line_1_43' title="bbox 290 3798 909 3879; baseline -0.006 -20"><span class='ocrx_word' id='word_1_296' title='bbox 290 3801 406 3878; x_wconf 81' lang='lat' dir='ltr'><strong>penitus</strong></span> <span class='ocrx_word' id='word_1_297' title='bbox 418 3798 558 3860; x_wconf 80' lang='lat' dir='ltr'><strong>medullas</strong></span> <span class='ocrx_word' id='word_1_298' title='bbox 572 3807 655 3878; x_wconf 77' lang='lat' dir='ltr'><strong>utque</strong></span> <span class='ocrx_word' id='word_1_299' title='bbox 665 3816 719 3879; x_wconf 83' lang='lat' dir='ltr'><strong>per</strong></span> <span class='ocrx_word' id='word_1_300' title='bbox 732 3813 821 3857; x_wconf 82' lang='lat' dir='ltr'><strong>oenus</strong></span> <span class='ocrx_word' id='word_1_301' title='bbox 834 3803 909 3856; x_wconf 84' lang='lat' dir='ltr'><strong>meat</strong></span> 
     </span>
     <span class='ocr_line' id='line_1_44' title="bbox 293 3884 670 3963; baseline -0.003 -19"><span class='ocrx_word' id='word_1_302' title='bbox 293 3884 447 3946; x_wconf 78' lang='lat' dir='ltr'><strong>uisceribus</strong></span> <span class='ocrx_word' id='word_1_303' title='bbox 461 3887 537 3963; x_wconf 83' lang='lat' dir='ltr'><strong>ipm&#39;s</strong></span> <span class='ocrx_word' id='word_1_304' title='bbox 550 3900 670 3944; x_wconf 74' lang='lat' dir='ltr'><strong>mutus.</strong></span> 
     </span>
    </p>
   </div>
   <div class='ocr_carea' id='block_1_3' title="bbox 923 3989 960 4048">
    <p class='ocr_par' dir='ltr' id='par_1_3' title="bbox 923 3989 960 4048">
     <span class='ocr_line' id='line_1_45' title="bbox 923 3989 960 4048; baseline 0 -21"><span class='ocrx_word' id='word_1_305' title='bbox 923 3989 960 4048; x_wconf 55' lang='grc' dir='ltr'><strong>μ</strong></span> 
     </span>
    </p>
   </div>
   <div class='ocr_carea' id='block_1_4' title="bbox 0 0 1294 4366">
    <p class='ocr_par' dir='ltr' id='par_1_4' title="bbox 0 0 1294 4366">
     <span class='ocr_line' id='line_1_46' title="bbox 0 0 1294 4366; baseline 0 9"><span class='ocrx_word' id='word_1_306' title='bbox 0 0 1294 4366; x_wconf 95' lang='lat' dir='ltr'><strong> </strong></span> 
     </span>
    </p>
   </div>
  </div>
 </body>
</html>
