2580 4366
583 261 701 304 OCTAVIA

109 427 171 471 ssu.
221 407 362 472 Pulcrum
387 410 517 473 eminere
540 418 585 472 est
605 411 683 473 inter
704 411 834 476 illustres
856 415 942 491 viros,

109 494 267 556 consulere
289 496 411 574 patriae,
434 513 557 576 parcere
578 495 705 571 afflictis,
728 497 789 559 sera

109 578 197 641 caede
219 579 367 642 abstinere
389 588 506 661 tempus
528 592 617 662 atque
638 582 699 642 irae
722 582 800 658 dare,

108 663 174 725 orbi
196 663 335 744 quietem,
358 667 476 728 saeculo
497 684 599 746 pacem
622 685 697 728 suo·

107 750 181 810 haec
203 767 316 812 summa
338 750 441 826 virtus,
463 751 575 831 petitur
596 751 653 813 hac
674 751 787 813 caelum
809 751 863 813 ria.

107 833 151 894 sic
172 834 222 897 ille
243 835 354 914 patriae
375 835 490 917 primus
512 837 664 915 Augustus
686 854 794 915 parens

109 919 280 999 complexus
300 927 379 982 astra
401 930 445 982 est
466 920 575 981 colitur
596 931 627 984 et
647 920 765 1001 templis
788 921 869 982 deus.

107 1002 192 1064 ilium
213 1011 311 1066 tamen
334 1004 464 1067 Fortuna
486 1005 602 1067 iactavit
622 1005 673 1067 diu

107 1097 185 1150 terra
207 1089 340 1167 marique
362 1108 418 1169 per
439 1107 541 1169 graves
562 1089 633 1152 belli
655 1091 742 1166 vices,

107 1173 207 1234 hostes
229 1174 360 1254 parentis
382 1175 477 1237 donec
498 1175 648 1256 oppressit
669 1176 732 1249 sui3

106 1257 160 1318 tibi
182 1276 293 1321 numen
316 1260 472 1321 incruenta
493 1260 641 1322 summisit
662 1279 749 1322 suurn

107 1350 136 1405 et
158 1343 241 1406 dedit
261 1343 390 1405 habenas
411 1345 518 1424 imperi
539 1345 616 1406 facili
638 1364 728 1407 manu

107 1434 243 1506 nutuque
265 1435 358 1489 terras
380 1430 470 1490 maria
491 1429 618 1492 subiecit
639 1439 700 1491 tuo.

107 1512 213 1575 invidia
237 1512 329 1574 tristis
351 1512 425 1574 ricta
448 1532 597 1576 consensu
619 1514 669 1594 pio

108 1597 209 1672 cessit3
232 1605 363 1672 senatus,
386 1597 494 1677 equitis
516 1616 659 1660 accensus
681 1599 778 1673 savor3

107 1682 262 1761 plebisque
284 1683 357 1743 votis
379 1690 467 1760 atque
489 1682 598 1744 iudicio
622 1689 738 1762 patrum

107 1774 139 1828 tu
162 1768 242 1847 pacis
264 1774 377 1842 auctor,
400 1769 517 1846 generis
537 1767 658 1828 humani
680 1766 788 1828 arbiter

107 1851 218 1913 electus
240 1851 344 1913 orbem
365 1851 423 1912 iam
446 1870 527 1914 sacra
550 1853 649 1931 specie
672 1853 750 1932 regis

106 1936 218 2017 patriae
239 1954 366 2016 parens:
390 1937 468 2015 quod
492 1955 601 1999 nomen
624 1944 657 1998 ut
678 1954 776 1998 serves
798 1937 874 2017 petit

107 2039 238 2100 suosque
260 2021 337 2083 cives
360 2020 452 2083 Roma
474 2022 660 2083 commendat
681 2021 743 2082 tibi.

107 2125 174 2169 nnn.
219 2105 329 2168 Munus
352 2106 475 2168 deorum
498 2114 552 2183 est,
575 2106 638 2186 ipsa
661 2107 740 2186 quod
763 2105 852 2168 servit
873 2105 946 2167 rnihi

107 2190 199 2252 Roma
222 2199 252 2251 et
273 2198 393 2253 senatus
415 2191 556 2271 quodque
578 2191 614 2252 ab
637 2191 736 2253 invitis
758 2208 862 2271 preces

107 2275 294 2356 humilesque
317 2294 403 2338 voces
425 2276 564 2355 exprimit
585 2277 681 2337 nostri
702 2284 808 2338 metus.

108 2378 224 2422 servare
246 2362 323 2422 cives
345 2360 475 2441 principi
497 2370 526 2423 et
547 2361 659 2441 patriae
681 2379 793 2440 graves,

108 2445 187 2506 claro
209 2453 358 2527 tumentes
380 2464 489 2525 genere
511 2465 587 2527 quae
610 2446 758 2508 dementia
779 2453 833 2521 est,

109 2548 177 2592 cum
199 2530 284 2592 liceat
307 2550 365 2593 una
387 2550 459 2592 voce
482 2540 636 2612 suspectos
659 2530 715 2594 sibi

107 2615 184 2676 mori
206 2613 331 2676 iubere?
361 2614 472 2677 Brutus
494 2615 526 2677 in
549 2617 666 2678 caedem
690 2616 783 2692 ducis,

109 2719 125 2762 a
147 2718 207 2778 quo
230 2698 352 2761 salutem
376 2701 492 2774 tulerat,
514 2700 635 2761 armavit
656 2719 776 2762 manus:

109 2783 235 2846 invictus
257 2784 329 2861 acie,
352 2784 485 2863 gentium
508 2784 645 2860 domitor,
667 2784 728 2845 lovi

109 2878 251 2948 aequatus
273 2868 347 2930 altos
369 2868 433 2948 ipse
455 2886 510 2948 per
530 2868 679 2929 honorum
702 2870 810 2948 gradus

110 2954 216 3016 Caesar
238 2953 365 3015 nefando
388 2952 495 3024 civium
518 2952 629 3015 scelere
651 2952 768 3014 occidit.

110 3048 252 3117 quantum
274 3038 390 3100 cruoris
412 3037 504 3099 Roma
526 3046 590 3099 tum
612 3037 683 3098 vidit
705 3038 761 3111 sui,

109 3123 234 3185 lacerata
255 3123 381 3185 totiens!
412 3123 462 3184 ille
484 3123 535 3202 qui
559 3122 668 3185 meruit
688 3122 736 3201 pia

109 3209 216 3270 virtute
239 3208 363 3284 caelum,
387 3207 470 3270 divus
493 3211 655 3287 Augustus,
677 3206 756 3267 viros

110 3300 183 3372 quot
203 3293 352 3355 interemit
374 3292 499 3365 nobiles,
522 3292 643 3354 iuvenes
665 3309 752 3353 senes

109 3395 228 3457 sparsos
250 3396 305 3458 per
327 3377 440 3452 orbem,
463 3396 530 3439 cum
553 3395 624 3438 suos
646 3376 750 3438 mortis
771 3383 851 3437 metu

195 3513 245 3564 484
264 3513 379 3576 nutuque
396 3512 436 3572 Π]
461 3510 585 3576 nutuique
602 3509 688 3560 tntu
761 3510 809 3561 487
828 3507 1044 3560 000101440-
1065 3504 1186 3559 iudicium

111 3582 209 3647 pntmm
220 3582 259 3631 est
268 3578 370 3629 mu
386 3580 505 3638 eorrexa't
516 3576 625 3644 Lipsius
677 3579 726 3630 489
736 3576 786 3628 iem
797 3591 847 3629 om.
858 3576 945 3642 codd,
956 3574 1063 3627 addidit
1073 3573 1187 3626 Botda‘ue

109 3651 148 3712 (tu
166 3646 319 3709 Acontius).
335 3672 369 3684 -
387 3645 472 3711 specie
488 3658 560 3697 secra
570 3647 622 3694 ΣΠ
637 3644 762 3711 sapientia
775 3658 845 3696 sacra
858 3642 905 3695 ΦΒ
923 3646 1044 3696 correxit
1054 3641 1187 3694 Acontius

110 3717 159 3768 490
178 3714 326 3782 patriaeque
343 3729 369 3780 p.
381 3712 428 3763 ΦΕ
479 3715 528 3765 495
547 3712 617 3765 cives
635 3711 657 3763 L
674 3712 752 3777 (vires
769 3713 830 3776 ol.)
844 3711 887 3776 7⁰]
904 3711 1059 3764 vtrosznn
1075 3717 1186 3773 (servare

110 3782 218 3904 principi
235 3783 304 3834 viros
321 3781 420 3848 patriae
437 3795 528 3848 graves
545 3782 579 3846 Σ)
648 3783 698 3834 500
716 3797 741 3848 q.
761 3779 785 3832 d.
802 3780 859 3842 ΣΔ]
878 3779 988 3832 domitor
1005 3779 1118 3846 gentium
1136 3779 1189 3829 nu

128 3853 159 3903 01
179 3865 202 3904 a.
220 3865 243 3902 a.
262 3864 339 3916 saepe
357 3849 433 3902 codd.
452 3851 572 3899 cor-roei!
590 3847 767 3900 Bueobolemc
836 3851 885 3902 509
904 3852 965 3900 tnnc
983 3846 1031 3899 dh
1048 3850 1108 3914 (nou
1121 3863 1146 3900 o.
1157 3847 1187 3911 4.)

110 3932 162 3970 non
180 3921 231 3968 ΣΠ
253 3920 363 3970 corr-oet
443 3919 493 3970 500
511 3931 577 3983 quos
593 3919 619 3966 Σ
701 3920 749 3971 507
768 3931 872 3983 sparsos
888 3915 970 3982 ztir),
994 3915 1017 3968 L
1035 3922 1061 3968 et
1078 3914 1100 3980 Q
1118 3931 1141 3969 u.
1158 3914 1186 3978 4.]

111 4000 265 4054 sparsosque
285 3984 329 4036 TO
340 3985 375 4037 {1²
398 3985 541 4053 sparsitque
559 3983 745 4037 044144ιυί4.
768 3984 861 4054 sparsit
880 3985 901 4050 Q
