2580 4366
108 194 168 255 126
444 210 482 253 un
504 210 630 253 csurrcrs
651 210 836 253 ronrunrnrs.

104 370 139 424 ut
161 363 214 442 hg.
238 366 296 427 631

311 459 337 508 5
358 447 439 508 licuit
462 446 539 508 dolos
560 465 673 508 oersme
695 457 728 508 ut
750 450 807 526 ipsi

106 545 136 596 et
157 533 210 612 hg.
235 535 295 596 853

310 621 444 679 eutimuit
465 635 569 677 monus
590 618 701 677 insueto
723 619 811 696 eorpi.

105 702 258 763 aestatim
281 702 417 780 sequitur
438 701 565 762 alcaicus
588 708 687 760 rectus
710 702 771 764 723
796 699 868 776 (hasi
891 700 1037 778 iambica).
1075 699 1106 761 iu
1126 719 1279 761 se·--·

105 787 266 865 quentihus
293 807 319 847 v.
349 789 410 849 728
440 785 649 864 interpolatum
679 803 742 846 esse
772 803 862 864 supra
895 784 1169 860 demonstravimus3
1193 797 1246 856 ξ
1273 793 1280 852 ;

104 871 184 949 quod
215 889 319 932 causac
346 872 436 932 fuerit
465 881 498 933 ut
531 888 633 930 versus
655 871 865 949 praecedentes
888 879 990 949 postea
1012 888 1075 932 non
1097 876 1283 932 recuso

105 955 346 1018 discriberentur.
392 962 528 1016 constant
551 955 629 1016 enim
652 955 752 1034 priore
769 954 909 1034 sapphici
932 964 1015 1034 parte

457 1039 580 1120 protulit
602 1039 692 1110 tellus,

105 1125 219 1186 duobus
242 1125 357 1186 alcaicis
381 1133 419 1199 et,
443 1127 468 1185 si
491 1134 570 1185 recte
594 1125 717 1197 conieci,
740 1123 841 1185 alcaioi
863 1125 963 1204 priore
986 1122 1052 1184 colo

457 1227 599 1289 supraque
617 1213 715 1289 piures.
1079 1260 1082 1265 .

189 1294 219 1354 iu
242 1296 301 1355 line
323 1294 462 1354 carminis
483 1294 594 1372 aliquid
610 1294 751 1354 omissum
767 1310 832 1352 esse
846 1292 989 1367 ridimns3
1012 1292 1092 1371 quod
1106 1309 1170 1353 ror·
1195 1322 1284 1335 -·

103 1397 168 1439 sum
192 1397 252 1439 non
275 1379 340 1439 sine
363 1379 469 1439 damno
493 1378 608 1439 metrici
631 1379 744 1439 ordinis
766 1378 944 1439 factumest
976 1378 1086 1439 etenim
1101 1377 1286 1439 haecne

102 1471 140 1535 (v.
163 1466 225 1527 732
249 1466 321 1543 sq.):

306 1552 403 1609 sonuit
423 1548 533 1625 reflecto
556 1547 702 1608 classicum
728 1565 817 1608 cornu

307 1632 448 1712 lituusque
470 1633 579 1692 oduuco
601 1632 737 1694 stridulos
757 1644 856 1693 ocutus

305 1717 378 1777 elisit
400 1736 472 1787 cere,
494 1734 553 1777 uou
574 1728 639 1778 oute
661 1716 774 1795 linques

305 1802 391 1879 epiles
413 1811 439 1862 et
461 1819 513 1861 ore
534 1806 609 1862 cocis
631 1806 745 1880 ipuotoe

306 1888 428 1947 clamore
446 1890 577 1965 primum
598 1886 701 1948 hostico
724 1889 835 1964 emperti

101 1978 129 2031 et
159 1971 318 2050 sapphicus
345 1972 460 2049 integer
482 1982 511 2031 et
533 1970 677 2050 ancipites
700 1970 959 2050 coalescentesque
982 1969 1107 2051 syllabae
1127 1969 1278 2031 sicot

100 2057 208 2117 docent
230 2055 415 2117 discribenda
439 2074 518 2116 esse:

223 2143 283 2204 732
306 2145 402 2201 sonuit
423 2141 533 2218 refleuo

305 2223 452 2286 clussieuru
473 2242 563 2286 coruu
585 2223 727 2304 lituusque
748 2224 858 2285 eduum

303 2309 439 2370 stridulos
462 2319 560 2370 coetus
582 2309 655 2369 elisit
677 2327 741 2369 uere

218 2397 280 2459 735
302 2412 361 2454 555
383 2404 449 2454 oute
471 2395 583 2472 liupuus
605 2393 692 2471 opiles
713 2404 739 2455 et
762 2397 814 2454 o'ro

303 2483 377 2539 vocis
399 2483 511 2556 ipuotoe
532 2478 655 2540 elamore
672 2482 803 2558 5555551

301 2563 404 2625 hostico
428 2568 548 2643 superii.

98 2663 200 2706 versus
221 2654 317 2708 autem
341 2649 443 2727 quales
465 2658 535 2709 sunt
558 2649 619 2710 734
636 2656 673 2707 et
688 2648 749 2709 736
764 2681 806 2691 -
821 2647 955 2726 sapphici
970 2649 1084 2713 scilicet
1101 2667 1163 2712 cum
1189 2645 1276 2703 Β]

98 2730 226 2792 molosso
250 2732 411 2793 choriambi
434 2733 510 2806 loco,
534 2732 593 2793 sire
608 2732 699 2793 mavis
714 2731 797 2810 prior
811 2733 945 2812 sapphici
960 2752 1029 2813 pars
1044 2752 1111 2796 cum
1125 2734 1164 2797 ai·
1194 2743 1276 2769 κ·

98 2815 170 2876 caici
185 2817 336 2896 priore-
349 2817 475 2879 redeunt
490 2821 542 2894 hg.
558 2818 630 2879 617.
648 2819 720 2880 630.
737 2817 809 2880 809.
826 2812 985 2883 813815.
1002 2819 1073 2884 846.
1089 2821 1165 2886 8561
1202 2815 1274 2866 5²

300 2905 367 2962 oieit
389 2906 505 2982 acceptis
528 2920 591 2963 eum
611 2902 697 2979 fulsit
720 2905 818 2962 ermis.

301 2987 426 3048 conditos
446 3006 525 3064 repes
548 2986 703 3065 bellumque
725 2989 845 3065 pesteris.

298 3072 389 3150 Arpos
411 3076 503 3133 irotoe
524 3091 626 3132 eorum
646 3090 794 3132 uouereee.

298 3175 420 3234 mupuus
441 3157 549 3217 Alcides
570 3160 618 3217 cui
638 3155 696 3235 lepe
716 3157 827 3217 muudi.

297 3243 425 3303 roscidae
445 3246 535 3303 noetis
556 3245 691 3320 iussitque
714 3240 865 3303 Phoebum

294 3327 428 3406 praebuit
450 3332 540 3387 suevis
562 3329 705 3405 timuitque
727 3327 837 3386 nudos.

297 3411 372 3473 uude
389 3430 524 3490 percussu
546 3409 718 3489 Stymphalis
739 3410 807 3471 ulto.

94 3506 128 3549 ³⁰
150 3508 175 3550 v·
200 3495 260 3557 850
283 3494 353 3557 item
376 3497 476 3575 priore
499 3494 633 3575 sapphici
655 3502 738 3574 parte
764 3495 925 3573 excipitur:
956 3494 1058 3556 decidit
1079 3492 1161 3556 coele.

95 3574 167 3636 Oed.
192 3580 252 3641 735
276 3588 372 3640 autem
395 3601 429 3642 ex
452 3599 554 3641 eorum
577 3598 702 3640 numero
727 3590 770 3642 est
792 3597 868 3658 quos
889 3579 924 3640 ad
947 3598 973 3640 v.
998 3581 1060 3642 472
1083 3596 1161 3641 ccm-

93 3661 257 3740 posuimus.
295 3663 480 3726 intercidisse
503 3665 593 3744 igitur
615 3684 718 3726 versus
740 3672 807 3726 ante
830 3666 892 3729 734
915 3663 1030 3726 videtur
1048 3667 1160 3744 qualem

92 3764 182 3826 supra
205 3747 366 3826 proposui:

297 3825 488 3914 [prosamque
510 3834 623 3895 irrident
644 3834 744 3896 tellure
765 3830 841 3918 uate']

296 3934 354 3976 uou
376 3929 442 3979 oute
464 3919 577 3996 linques
598 3920 684 3997 epiles
706 3931 732 3980 et
754 3938 806 3980 oro
829 3939 853 3980 c.
870 3939 899 4000 q.
915 3939 939 3981 s.
