2580 4366
558 237 654 280 stubbs

65 403 119 445 ms.
164 385 240 446 Dum
263 385 333 448 licet
354 385 445 461 abire,
469 388 596 466 profuge
619 395 708 466 teque
729 387 802 448 hinc
823 388 922 467 eripe:

67 471 162 548 gravis
184 471 226 532 ira
250 489 355 550 regum
376 481 421 532 est
443 490 570 552 semper.
635 492 704 534 nno.
739 472 802 534 lloc
824 474 931 535 suades
952 474 1035 549 mibi,

68 564 199 634 praestas
223 554 364 618 Creusae:
388 556 530 636 paelicem
553 557 675 618 invisam
697 574 823 619 amoves.
1097 570 1145 623 lm

66 660 120 701 ne.
164 640 266 702 Medea
288 659 404 703 amores
426 639 539 703 obicit?
603 661 673 702 nnn.
707 643 744 704 Et
765 643 882 705 caedem
906 651 936 706 et
958 643 1050 705 dolos.
1101 666 1103 671 ·

66 746 121 786 ms
167 725 293 787 Obicere
315 726 433 788 tandem
456 727 536 805 quod
558 736 644 806 potes
666 727 779 789 crimen
801 726 897 789 mibi?

66 830 136 873 nnn.
166 810 381 891 Quodcumque
401 812 469 873 feci.
539 831 595 874 ms.
627 812 729 874 Restat
750 813 808 875 boc
829 831 924 875 unum
947 813 1079 894 insuper,

67 896 126 956 tuis
148 904 182 956 ut
204 896 291 957 etiam
313 896 476 958 sceleribus
497 898 565 959 liam
590 915 712 958 nocens.
733 925 781 956 a·
1045 971 1048 974 .

66 999 136 1042 uno.
165 981 229 1042 Tua
251 980 316 1057 illa,
339 990 389 1043 tua
410 989 482 1043 sunt
503 982 568 1043 illa:
592 982 641 1043 cui
661 982 785 1062 ‘prodest
806 981 905 1044 scelus
1098 993 1145 1045 500

67 1067 93 1126 is
114 1066 185 1127 fecit
205 1101 248 1110 —
270 1084 373 1128 omnes
396 1067 554 1144 coniugem
576 1067 715 1129 infamem
737 1079 873 1147 arguant,

66 1151 149 1212 solus
170 1158 272 1227 tuere,
295 1152 378 1213 solus
400 1152 550 1213 insontem
571 1170 657 1214 voca:

67 1235 129 1313 tibi
143 1233 290 1297 innocens
312 1237 350 1298 sit
373 1236 509 1316 quisquis
532 1244 578 1298 est
598 1255 654 1317 pro
675 1245 707 1298 te
729 1256 851 1300 nocens.

67 1340 121 1380 ms.
165 1321 283 1399 Ingrata
304 1321 362 1383 vita
384 1331 430 1384 est
452 1322 538 1384 cuius
560 1331 698 1402 acceptae
720 1322 820 1402 pudet.

67 1424 136 1466 nnn.
165 1404 332 1467 Retinenda
354 1426 415 1468 non
439 1416 484 1468 est
505 1407 592 1469 cuius
613 1418 752 1486 acceptae
774 1409 875 1488 pudet.
931 1415 933 1420 ’
1098 1418 1145 1470 505

68 1510 120 1550 ns.
166 1491 245 1561 Quin
268 1492 368 1571 potius
391 1493 434 1553 ira
456 1493 607 1554 concitum
629 1503 735 1572 pectus
758 1493 853 1566 doma,

66 1576 184 1654 placare
205 1577 292 1637 natis.
372 1592 442 1637 nnn.
475 1574 587 1639 Abdico
610 1579 694 1639 eiuro
716 1576 815 1639 abnuo
837 1611 880 1622 -

66 1660 141 1729 meis
163 1659 272 1722 Creusa
294 1661 395 1723 liberis
417 1663 523 1723 fratres
544 1659 644 1722 dabit?

67 1765 121 1806 ms.
165 1744 278 1824 Regina
302 1747 379 1808 natis
401 1747 537 1822 exulum,
559 1746 676 1807 alllictis
697 1754 816 1826 potens.

67 1850 138 1891 orno.
166 1830 233 1892 Non
256 1832 353 1893 veniat
374 1849 515 1910 umquam
537 1840 597 1892 tam
618 1830 714 1892 malus
735 1832 852 1893 miseris
874 1831 936 1892 dies
1100 1840 1146 1892 510
1230 1882 1232 1884 .

68 1916 120 1994 qui
142 1916 226 1994 prole
249 1917 335 1977 foeda
355 1918 478 1978 misceat
498 1916 614 1995 prolem
636 1914 778 1991 melitam,

67 2000 180 2062 Phoebi
203 2010 329 2080 nepotes
351 2001 472 2082 Sisyphi
496 2001 666 2080 nepotibus.

68 2103 122 2145 ms.
167 2085 261 2161 Quid,
284 2087 408 2162 misera,
431 2105 539 2166 meque
561 2095 651 2164 teque
672 2085 704 2146 in
727 2085 848 2147 exitium
871 2082 987 2146 trabis?

69 2169 194 2231 abscede
217 2189 337 2249 quaeso.
403 2190 472 2233 usn.
507 2170 679 2251 Supplicem
702 2170 812 2232 audivit
835 2170 919 2248 Creo.

67 2273 122 2315 ms,
166 2255 351 2326 Quidlacere
361 2257 485 2336 possim,
499 2256 634 2335 loquere.
676 2274 746 2316 nnn.
761 2254 819 2316 Pro
830 2253 901 2317 me?
915 2253 1078 2317 velscclus.
1100 2264 1147 2316 515

68 2357 121 2399 ms.
165 2338 244 2401 Hinc
265 2359 317 2402 rex
340 2351 369 2404 et
390 2342 473 2402 illino
492 2375 536 2386 —
578 2358 648 2401 nnn.
681 2340 735 2400 Est
756 2348 786 2401 et
806 2339 853 2400 his
874 2341 969 2402 maior
988 2348 1102 2402 metus:

70 2424 183 2485 bledea.
228 2443 283 2486 nos
304 2435 321 2496 ’ς
340 2427 511 2506 confligere.
556 2435 703 2487 certemus
725 2425 800 2499 sine,

69 2509 109 2569 sit
131 2510 258 2588 pretium
281 2511 378 2573 lason.
466 2529 519 2572 ms.
554 2511 632 2572 Cedo
655 2510 790 2572 defessus
811 2509 906 2574 malis.

70 2603 99 2654 et
121 2594 185 2673 ipsa
207 2613 293 2656 casus
315 2615 403 2676 saepe
425 2596 483 2657 iam
506 2604 644 2676 expertos
664 2595 746 2656 time.

68 2698 139 2739 uren.
167 2680 299 2742 Fortuna
321 2699 440 2760 semper
462 2680 559 2742 omnis
581 2680 657 2742 infra
679 2697 727 2740 me
749 2679 839 2740 stetit.
1101 2687 1147 2739 520
1190 2727 1195 2734 .

68 2781 123 2824 ms.
168 2767 290 2827 Acastus
312 2766 412 2828 instat.
498 2785 569 2826 nnn.
600 2764 729 2843 Propior
750 2772 795 2826 est
816 2763 910 2824 hostis
933 2763 1024 2825 Creo:

68 2858 231 2928 utrumque
252 2851 389 2930 profuge.
434 2869 495 2912 non
518 2859 552 2910 ut
573 2848 605 2909 in
628 2867 766 2910 socerum
787 2867 893 2910 manus

68 2952 165 2996 armes
187 2953 244 2995 nec
267 2946 300 2997 ut
321 2943 351 2996 te
372 2935 461 2997 caede
483 2944 608 3013 cognata
629 2933 771 3013 inquines

68 3019 171 3080 ltledea
193 3019 288 3098 cogit:
311 3020 459 3082 innocens
480 3037 597 3080 mecum
619 3019 699 3096 luge.

68 3123 124 3165 ms.
168 3105 206 3166 Et
228 3103 294 3184 quis
317 3106 450 3180 resistet,
473 3105 590 3183 gemina
611 3104 638 3165 si
660 3103 736 3164 bella
758 3102 909 3179 ingruant,
1103 3108 1150 3159 525

70 3188 144 3250 Creo
167 3198 255 3268 atque
277 3190 401 3252 Acastus
423 3208 503 3251 arma
525 3189 551 3250 si
573 3189 700 3269 iungant
720 3184 798 3248 sua?

68 3292 139 3334 nen.
169 3272 222 3335 His
243 3273 326 3335 adice
349 3275 489 3345 Colchos,
512 3273 595 3335 adice
617 3284 646 3335 et
667 3275 778 3334 Aeeten
801 3271 917 3345 ducem,

68 3359 194 3437 Scythas
215 3357 348 3437 Pelasgis
369 3359 475 3436 iunge:
500 3359 651 3419 demersos
673 3357 759 3418 dabo.

68 3461 125 3503 ras.
168 3443 232 3504 tlte
255 3445 413 3505 extimesco
436 3451 563 3523 sceptra.
650 3461 719 3504 unu.
754 3440 798 3502 Ne
821 3438 923 3519 cupias
945 3437 1020 3498 ride.

155 3579 206 3630 406
223 3592 307 3629 mores
324 3577 358 3628 Ε.
375 3605 410 3614 -
427 3575 508 3628 obicis
527 3577 547 3638 ς
603 3575 652 3626 407
672 3576 758 3642 potest
773 3573 806 3624 Ε.
823 3599 858 3609 -
875 3571 969 3622 crimen
987 3569 1057 3637 quod
1074 3574 1150 3636 potes

68 3643 138 3696 taud.
151 3645 177 3695 A
229 3647 279 3697 509
297 3644 406 3696 Medeae
418 3647 594 3696 continuatur
612 3645 631 3707 ς
699 3643 749 3694 510
767 3655 800 3692 ue
820 3643 850 3690 in
868 3639 893 3690 Ε
917 3655 971 3690 erre
988 3637 1102 3689 Botbe'ue
1123 3639 1149 3703 (e

67 3714 124 3765 Iao.
145 3711 276 3764 Grooooe'i
290 3713 404 3770 rebedm)
422 3712 514 3774 refert.
532 3711 604 3761 nibil
621 3711 736 3761 enomei.
753 3737 789 3749 ·-
806 3706 1063 3760 malisEcorr.2m.
1099 3709 1149 3760 512

68 3781 184 3850 siscypbi
196 3782 221 3832 Ε
273 3780 444 3833 blaesillam
463 3779 540 3831 codd.
555 3781 675 3830 conexit
683 3777 815 3828 Aventina
867 3778 916 3830 517
935 3776 1047 3842 conflige
1062 3775 1150 3826 Aean-

69 3852 125 3900 ἤτω
143 3864 201 3901 cum
218 3863 279 3916 rege
296 3849 483 3902 Buecheler-ur.
509 3849 578 3898 mibi
594 3862 635 3900 oc.
652 3844 800 3898 ete-520
817 3843 1002 3910 dittograplria
1021 3843 1150 3895 uidentur

69 3920 121 3970 520
137 3917 240 3969 intraA
293 3920 341 3971 521
361 3917 536 3969 totaelorom'
553 3915 671 3966 daturA
727 3915 778 3967 522
795 3912 856 3964 nolo
873 3916 903 3964 ut
919 3912 945 3964 A
997 3913 1046 3965 525
1064 3911 1150 3978 ingra-

68 3989 131 4037 vant
145 3985 170 4036 Ε
234 3987 282 4038 522
303 3989 438 4052 otomg.
457 3989 592 4036 -aetem
605 3983 631 4034 E
648 3984 732 4035 netem
749 3983 864 4047 (Aeeten
884 3980 996 4046 Altina)
1012 3981 1039 4031 Α
