2580 4366
109 184 168 245 100
383 199 421 240 ne
442 197 665 240 maesssronus
685 198 904 245 commosin

107 350 193 412 metri
215 349 305 429 igitur
326 346 506 426 ubicumque
527 348 690 426 antiquitus
710 350 810 412 traditi
829 363 902 413 sunt
916 350 1019 413 eadem
1031 352 1089 414 rice
1100 350 1152 411 iun·

109 445 221 514 guntur
242 451 300 511 qua
322 431 353 491 in
376 433 488 510 graecis
510 433 691 495 carminibus
712 435 891 512 paroemiaci
912 454 1028 498 versus.

192 518 249 578 iam
277 514 392 594 singula
414 515 572 578 videamus.
616 517 676 578 duo
698 528 797 580 extant
819 522 934 582 cantica
955 521 1027 582 solis
1047 516 1153 582 dinam

108 602 295 664 decurrentia
317 599 376 676 (tlt.
394 602 570 664 125-204.
593 601 667 681 Thy.
683 603 864 680 ost-884)
887 623 1017 684 quorum
1037 604 1152 666 desitero

109 686 233 749 dubitari
262 704 351 766 posse
378 685 454 745 inira
475 685 648 747 videbimus.
691 696 724 748 ut
751 690 931 751 monometri
952 690 1053 770 plnres
1072 708 1100 750 se
1116 703 1153 749 ex·

110 773 243 851 ciperem
264 771 310 831 bis
331 770 437 830 accidit
458 770 489 830 in
512 770 638 831 Hercule
661 771 787 834 Oetaeo:
809 793 836 834 v.
855 776 915 837 173

313 866 344 916 at
364 871 413 933 epo
435 856 543 934 infelice
563 874 622 916 uou
643 856 748 936 ternpla
768 863 829 920 suas

313 939 447 1018 conlapsa
468 942 526 1001 deis
545 959 693 1020 sparsosve
713 942 802 1019 loros,

312 1028 389 1084 uatis
409 1029 517 1085 micros

313 1112 414 1169 arsisse
433 1121 531 1189 potres

312 1191 475 1272 hominique
497 1194 569 1264 deos,
592 1193 698 1273 templs
718 1193 855 1274 sepulcris
876 1213 903 1256 e.
919 1213 949 1275 q.
965 1214 990 1256 s.

112 1287 141 1338 ct
162 1277 288 1339 v.1916
311 1276 369 1337 sic:

314 1365 410 1421 iamne
430 1359 541 1439 Elysios
563 1378 579 1420 o
601 1374 667 1423 uate
688 1362 787 1423 domus

317 1450 378 1506 ioue
400 1444 468 1506 litus
488 1443 595 1505 dobes?

315 1542 346 1591 ot
367 1548 436 1608 quos
453 1527 598 1607 populos?

315 1633 354 1674 aa
372 1625 438 1693 post
458 1625 575 1692 raptura

315 1710 424 1760 uaturo
444 1695 550 1759 uacat?

316 1782 392 1862 Styra
412 1793 478 1844 otro
500 1801 598 1843 raneos
616 1783 771 1862 praeclusit
793 1787 848 1845 iter
869 1802 895 1845 e.
913 1803 943 1863 q.
959 1803 985 1845 s.
1144 1852 1149 1863 ³

114 1887 189 1948 quae
211 1867 395 1947 transcripsi,
418 1878 452 1929 ut
464 1868 607 1928 turbatus
628 1887 767 1929 versuum
789 1868 862 1929 ordo
881 1868 1002 1931 doceret
1016 1862 1179 1947 dispositor

115 1972 183 2015 neni
206 1970 325 2032 quoque
347 1970 448 2013 errore
472 1961 567 2012 natam
591 1970 664 2012 esse.
707 1961 788 2013 recte
809 1953 888 2014 enim
911 1953 1035 2033 legitur:

318 2042 413 2099 iomar
435 2036 554 2115 Elysios,
576 2054 592 2097 o
613 2049 690 2112 reate,
713 2039 821 2109 morus,

320 2126 379 2182 icoo
402 2122 470 2183 litus
491 2121 573 2182 dobes
594 2122 632 2183 ad
653 2123 727 2202 quod
744 2123 866 2202 populos

318 2217 426 2266 actura
448 2203 552 2267 vorot?

320 2307 359 2350 aa
376 2302 440 2369 post
462 2301 579 2370 raptum
601 2289 677 2369 Styx
697 2302 763 2352 atra
785 2310 884 2353 cauere

316 2373 471 2452 praeclusit
492 2379 546 2436 iter
568 2386 647 2454 tepus
669 2380 701 2435 ire
717 2379 815 2454 primo

320 2458 419 2518 limiae
440 2458 517 2520 Ditis
537 2461 603 2538 sata
623 2458 799 2522 morantur?

118 2541 237 2605 tertium
260 2542 425 2621 exemplum
449 2552 493 2604 est
514 2542 621 2604 Phaed.
644 2546 686 2606 79
708 2562 770 2621 sip:

321 2632 474 2708 repetitque
496 2647 576 2689 ausos
596 2633 705 2691 murico
727 2628 809 2709 leupo

320 2712 407 2774 turdo
428 2712 581 2792 triumpho.

321 2816 357 2857 eu
380 2797 445 2858 diuo
466 2799 557 2876 sares,

322 2884 436 2958 sipuuoe
457 2885 557 2959 arpuii

323 2969 425 3026 misere
446 2984 544 3027 conos:
566 2982 651 3026 voror
672 2969 704 3025 iu
725 2964 820 3036 siivas,

322 3050 374 3111 isac
394 3049 446 3111 hoo
463 3069 583 3130 perpera
605 3069 661 3129 pua
681 3054 730 3112 oia
752 3049 869 3129 loupauu

324 3146 484 3213 compensat
505 3139 567 3197 iter.

121 3221 172 3283 ubi
193 3240 229 3284 eu
244 3222 310 3283 dieo
324 3221 407 3298 foues
420 3223 534 3298 siparum
549 3222 648 3296 arputi
661 3217 769 3279 iniuria
783 3218 939 3279 diremtum
955 3235 1022 3278 esse
1036 3217 1185 3279 dirnetrult¹

120 3306 167 3366 rel
188 3324 223 3368 eo
246 3306 386 3367 docemur
408 3303 488 3383 quod
510 3305 578 3382 savo
599 3302 631 3362 in
653 3302 680 3361 Ε
700 3303 844 3382 scriptum
866 3310 921 3363 est.

206 3390 330 3451 trimetri
346 3388 488 3450 continuo
504 3387 606 3466 scripti
622 3387 738 3447 suntin
753 3405 814 3448 uno
830 3385 944 3447 cantico
955 3384 1085 3449 alternas
1096 3386 1182 3449 usu·

123 3473 177 3533 bae
189 3472 397 3552 Troadumque
412 3472 636 3534 lamentationes
647 3471 834 3546 continente;
848 3470 927 3550 quod
939 3488 1011 3531 num
1024 3471 1184 3534 consilioue

123 3557 237 3618 ratione
251 3557 359 3619 iactum
375 3558 412 3618 sit
426 3558 503 3618 infra
518 3556 716 3635 expediemus.
739 3555 850 3633 singuli
861 3554 959 3616 binive
970 3555 1023 3617 uhi
1034 3568 1187 3621 occurrunt

124 3640 259 3715 trimetri,
270 3642 470 3720 suspicionem
482 3642 518 3702 de
528 3640 715 3702 librariorum
727 3658 827 3701 errore
838 3639 949 3700 moveri
961 3651 1189 3707 consentaneum

108 3736 179 3787 est.
217 3734 306 3803 atque
330 3744 408 3784 unus
428 3726 546 3805 quidem
569 3725 874 3788 essentitatem
894 3724 961 3785 loco
976 3723 1114 3803 turbam
1135 3725 1193 3795 bini

126 3810 200 3889 Thy.
215 3810 379 3882 sau-323
403 3808 456 3870 Ηο
473 3811 534 3874 206
550 3828 594 3888 sq.
619 3810 679 3872 023
696 3827 740 3888 sq.
762 3811 842 3874 1928
858 3827 903 3888 sq.
920 3810 968 3884 (de
985 3809 1096 3891 quium
1109 3813 1194 3878 modu

127 3893 270 3973 egimus),
298 3893 425 3973 denique
448 3896 500 3971 dg.
525 3897 582 3958 041
609 3912 652 3973 sq.
674 3897 706 3954 in
727 3894 793 3955 loco
816 3893 1015 3968 intricatiore3
1044 3914 1115 3958 nam
1138 3901 1194 3965 611
