2580 4366
179 161 200 221 4
488 175 527 217 111
548 174 741 218 nncnusnruus
763 163 940 216 1111111111.

264 327 337 387 baec
353 325 522 399 ostendunt,
545 343 583 384 ne
604 323 634 384 in
657 323 699 385 eis
723 323 840 402 quidem
861 342 937 402 quae
953 332 1093 402 corrupte
1107 323 1257 384 Etruscus

180 411 300 492 praebet
316 411 406 471 ullam
422 429 487 471 esse
503 409 631 486 vulgaris
646 408 782 470 lectionis
798 409 1017 482 auctoritatem;
1033 408 1151 469 Etrusci
1162 410 1258 487 igitur

181 495 364 574 corruptelas
380 494 482 574 utique
498 493 705 569 emendandas,
721 511 867 572 nusquam
884 493 1068 572 recipiendas
1084 512 1149 554 esse
1160 494 1256 555 inter-

181 581 324 661 polatoris
348 579 551 652 coniecturas,
574 580 632 639 nisi
655 588 705 638 aut
727 596 828 639 verum
843 578 880 639 ab
896 577 947 638 illo
963 578 1116 638 inventum
1131 596 1197 638 esse
1212 612 1256 622 —

181 665 210 725 id
231 664 310 743 quod
333 672 362 725 et
381 681 507 744 perraro
528 663 636 724 accidit
659 681 714 723 nec
734 681 824 742 saepe
846 663 1019 740 contingere
1043 663 1140 741 potuit
1162 662 1188 722 ei
1205 663 1257 743 qui

180 749 310 810 veritatis
340 749 529 810 simulacrum
552 748 713 826 quoddam,
730 766 791 809 non
807 747 957 808 veritatem
972 755 1133 807 sectaretur
1148 781 1190 790 —
1206 756 1258 808 aut

181 833 300 894 Etrusci
328 834 504 912 scripturam
525 842 593 912 post
621 832 841 911 interpolatoris
867 850 986 912 operam
1008 832 1111 892 vitium
1132 832 1258 893 traxisse

180 926 261 979 certa
276 918 391 980 ratione
406 917 581 979 eonstiterit.
604 925 692 996 atque
707 917 737 977 in
756 917 927 977 universum
948 917 1066 996 quidem
1080 934 1184 976 novem
1196 925 1257 978 tra·

182 1002 351 1082 goediarum
368 1020 487 1083 corpus,
507 1001 592 1080 quale
607 1002 800 1080 interpolatae
819 1001 956 1063 editionis
970 1001 1084 1061 auctori
1099 1000 1136 1060 ad
1151 1019 1257 1062 munus

181 1087 248 1162 fuit
260 1106 321 1149 non
333 1087 425 1166 magis
437 1104 546 1167 purum
559 1087 743 1164 etintegrum
751 1086 843 1148 luisse
851 1104 938 1165 quam
948 1087 1034 1164 quale
1043 1094 1162 1146 nostrae
1170 1086 1257 1146 aetati

182 1182 328 1234 servatum
350 1181 403 1243 est.
427 1171 568 1251 exemplis
583 1171 671 1232 modo
690 1170 792 1232 adlatis
806 1171 1014 1250 comperimus.
1044 1170 1161 1231 easdem
1176 1169 1256 1232 enim

184 1257 234 1317 ille
256 1257 439 1336 corruptelas
461 1256 565 1317 tollere
595 1255 730 1318 studebat
755 1256 864 1335 quibus
886 1256 1045 1316 Etruscum
1068 1255 1257 1334 inquinatum

185 1359 250 1403 esse
265 1341 405 1402 videmus.
451 1341 643 1401 confirmatur
666 1340 738 1401 illud
759 1340 881 1401 vetustis
904 1339 1014 1400 codicis
1029 1339 1156 1400 Parisini
1173 1341 1254 1403 8071

185 1425 357 1504 fragmentis
381 1427 418 1503 (v.
434 1425 565 1486 Richteri
588 1434 617 1486 et
639 1425 756 1505 Peiperi
779 1425 871 1504 praei.
894 1444 924 1505 p.
940 1443 1005 1484 1111
1020 1426 1077 1503 sq.)
1099 1423 1258 1502 inquibus

182 1511 229 1571 111
245 1511 402 1590 quicquam
418 1509 528 1571 rectius
545 1528 630 1588 quarn
646 1510 678 1570 in
694 1510 819 1570 Etrusco
834 1510 972 1570 traditum
988 1516 1042 1569 est.
1073 1517 1100 1568 at
1115 1509 1180 1570 fieri
1196 1528 1257 1570 non

183 1596 281 1675 potuit
295 1596 368 1673 quin
384 1595 559 1674 permultas
581 1594 769 1655 librariorum
784 1613 889 1656 manus
905 1601 1085 1672 propagatus
1100 1594 1257 1656 verborum

183 1688 340 1741 contextus
361 1680 470 1759 passim
493 1679 716 1758 depravaretur;
740 1679 782 1740 sie
799 1699 824 1740 e.
842 1697 868 1758 g.
885 1679 916 1739 in
933 1677 1104 1739 nominibus
1127 1680 1259 1758 propriis

184 1765 336 1826 exarandis
360 1764 405 1825 vel
421 1764 538 1825 Etrusci
560 1763 712 1825 librarium
727 1764 772 1824 vel
793 1765 857 1825 eius
876 1781 1080 1842 praecessores
1096 1762 1257 1842 neglegen-

183 1849 275 1909 tiores
296 1849 387 1910 iuisse
409 1849 608 1910 observamus
652 1849 778 1927 legimus
802 1849 880 1910 enim
904 1849 934 1909 in
957 1848 1093 1920 Etrusco,
1117 1855 1151 1908 ut
1165 1866 1258 1926 pauca

184 1934 321 2009 adieram,
338 1934 412 2013 Thy.
432 1937 490 1995 115
506 1943 586 1995 terre
602 1929 734 2009 (buren).
776 1933 848 1994 Oed.
867 1934 926 1995 112
938 1932 1045 2013 pboede
1060 1930 1179 2013 (Thebe)
1195 1935 1257 1996 233

181 2017 299 2098 pboebis
319 2017 454 2094 (Thebis).
485 2018 665 2079 71111247
680 2017 1080 2098 11111’111111(Ρ11’1111“111).’
1100 2019 1162 2080 923
1178 2017 1258 2079 mille

185 2106 310 2164 ueeium
326 2102 523 2178 (Menelaum).
561 2103 615 2180 Ag.
633 2104 692 2165 173
709 2102 767 2164 elio
784 2102 899 2179 (Aulis).
936 2101 1096 2181 praecipue
1112 2110 1141 2162 et
1156 2101 1215 2162 boc
1231 2111 1260 2162 et

186 2205 274 2247 omne
287 2186 503 2267 depravationis
515 2204 609 2265 genus
621 2186 651 2247 in
664 2185 792 2248 Hercule
805 2187 913 2248 Oetaeo
926 2193 1089 2265 grassatum
1101 2193 1155 2260 est,
1169 2205 1258 2266 quam

185 2271 217 2331 in
233 2271 360 2332 Etrusco
376 2290 438 2332 non
454 2271 542 2331 modo
558 2272 651 2334 multo
670 2271 764 2350 magis
779 2290 866 2350 quam
883 2280 994 2332 ceteras
1010 2279 1191 2351 corruptam,
1207 2272 1259 2332 sed

185 2355 271 2417 etiarn
295 2355 420 2435 singulis
441 2355 575 2417 versibus
598 2374 659 2416 non
682 2357 786 2436 paucis
809 2365 837 2417 et
858 2355 975 2418 duobus
990 2355 1110 2423 maioris
1132 2354 1259 2417 ambitus

184 2434 259 2501 locis
287 2458 420 2502 mancum
443 2441 577 2520 legimus.
615 2459 650 2502 ae
664 2440 815 2521 propriam
832 2441 977 2520 quandam
993 2441 1023 2500 in
1039 2441 1095 2501 hac
1110 2441 1259 2518 tragoedia

184 2525 407 2587 transcribenda
437 2525 607 2587 oscitantiae
634 2535 664 2586 et
686 2527 838 2587 socordiae
860 2526 1028 2587 methodum
1052 2524 1190 2586 librarius
1213 2545 1260 2586 se-

184 2619 273 2672 cutus
288 2618 340 2670 111.
386 2629 493 2690 nempe
514 2629 657 2690 persaepe
680 2612 826 2690 genuinas
846 2629 934 2671 11111
957 2608 1116 2671 eliminavit
1136 2610 1202 2671 aliis
1225 2630 1260 2672 11

185 2695 290 2756 eodem
312 2713 398 2756 versu
420 2695 480 2756 sive
504 2714 539 2756 11
568 2696 811 2758 antecedentibus
832 2696 1063 2775 sequentibusve
1087 2695 1117 2754 in
1140 2695 1258 2757 illarum

186 2779 284 2840 locum
314 2780 454 2842 inductis.
499 2781 541 2840 sic
566 2783 648 2842 1174
676 2785 827 2862 superique
855 2781 999 2862 quondum
1023 2773 1157 2842 deuteres
1178 2789 1260 2842 testes

185 2882 264 2925 meae
278 2865 302 2924 A
317 2865 450 2926 deuterne
469 2865 614 2946 quemdem
634 2883 713 2928 mene
726 2865 760 2927 u.
793 2867 874 2929 1228
888 2884 939 2927 uec
955 2885 1019 2926 ossa
1034 2865 1143 2926 durem
1157 2865 1261 2944 ipsud

186 2948 296 3010 durem
317 2967 381 3010 osse
403 2950 437 3009 E.
475 2951 556 3013 1473
580 2949 635 3011 luu
656 2954 712 3012 iste
726 2970 839 3013 summe
855 2959 910 3012 est:
933 2969 1052 3032 quercus
1066 2949 1140 3010 leuc
1154 2959 1261 3012 sortem

185 3033 260 3094 milti
274 3052 298 3095 e.
317 3052 345 3112 q.
362 3053 386 3094 s.
399 3033 423 3094 Α
438 3033 512 3095 bem
526 3054 670 3096 summam
684 3035 758 3097 mibi
771 3036 804 3096 Ε.
845 3037 926 3099 1776
942 3054 1023 3115 quem
1034 3052 1140 3115 perere
1153 3053 1260 3096 rursus

186 3117 340 3180 Herculem
357 3137 476 3199 possum
497 3117 563 3180 Ioot'
582 3119 607 3180 A
622 3139 704 3201 quun
716 3139 821 3201 perere
832 3138 950 3200 possum
964 3120 999 3180 n.
1035 3120 1116 3182 1148
1132 3120 1258 3199 spolium

185 3203 241 3264 tibi
260 3221 315 3283 pro
337 3207 384 3264 tui
404 3221 438 3263 ex
464 3207 555 3279 1147,
579 3204 685 3266 deinde
710 3206 790 3266 1149
812 3203 904 3282 feriet
926 3223 981 3284 pro
1002 3205 1056 3284 fiet
1080 3207 1260 3269 11114811

185 3288 276 3349 multa
293 3288 357 3350 eius
372 3289 499 3367 generis.

272 3383 422 3452 praeterea
445 3382 543 3436 autem
566 3374 596 3433 in
620 3374 675 3433 hac
697 3374 862 3451 ceterisque
885 3372 1043 3450 tragoediis
1066 3372 1208 3450 quaedam
1225 3373 1262 3433 ad

187 3455 340 3518 arbitrium
363 3458 513 3519 immutata
537 3457 681 3518 videntur.
716 3466 750 3518 ut
770 3457 858 3520 llere.
874 3458 932 3519 lur.
958 3458 1037 3520 1238
1064 3459 1157 3537 (saepe
1177 3476 1263 3519 emm

185 3543 289 3620 iugens
302 3541 414 3602 sceleris
428 3543 555 3604 obtiuuit
570 3542 674 3618 111111)
689 3542 719 3602 in
735 3543 763 3603 li
776 3542 901 3623 legimus
915 3561 1025 3624 semper
1038 3541 1127 3618 furor
1141 3545 1261 3623 iugem:

187 3625 284 3703 qualia
293 3624 427 3686 videlieet
441 3627 561 3687 librario
572 3627 650 3688 aliud
661 3627 759 3705 agenti
771 3627 952 3689 exciderunt.
975 3628 1044 3688 item
1057 3644 1124 3686 cum
1136 3626 1168 3688 in
1179 3636 1262 3689 vetu-

145 3721 148 3725 ’
186 3709 277 3771 111111
299 3710 424 3788 quodam
447 3710 523 3770 libro
540 3712 666 3791 singulis
680 3711 802 3773 vocibus
816 3711 865 3772 bin
879 3711 940 3772 illic
953 3711 1025 3772 aliae
1040 3713 1261 3792 superscriptae

188 3801 287 3854 essent
309 3794 386 3855 idem
408 3794 453 3854 vel
475 3795 569 3856 simile
591 3797 662 3874 quid
679 3796 889 3876 significantes,
904 3805 1004 3876 postea
1020 3795 1086 3855 illae
1108 3795 1169 3857 sive
1190 3816 1261 3858 cum

187 3878 326 3957 genuinis
341 3878 516 3941 coniunctae
534 3880 594 3942 sive
608 3881 724 3944 illarum
738 3880 805 3943 loco
819 3879 976 3942 verborum
993 3888 1161 3942 contextum
1178 3881 1261 3943 inva-
