2580 4366
143 209 206 274 284
528 230 555 272 u.
578 228 683 271 numiui
705 228 833 271 sunnam

144 379 200 440 iam
224 388 318 439 cessat
339 378 382 439 ira
405 413 447 423 —
470 378 540 457 quid
563 377 652 438 miser
674 379 797 457 langues
819 375 930 438 dclcr‘l

144 463 243 544 perdis
266 465 407 539 furorem,
431 463 567 543 coniugis
588 463 693 524 tacitae
715 463 801 524 tidem

143 548 216 609 mihi
237 547 336 608 reddis
358 548 465 610 iterum
486 585 529 596 -
551 547 622 626 quid
645 556 723 608 vetas
743 548 874 609 flammas
895 544 961 609 ali?

145 633 216 713 quid
240 633 351 711 frangis
373 631 482 712 ignes?
511 633 594 694 hunc
617 631 688 692 milri
711 651 794 693 serva
817 633 975 711 impetum,

145 735 231 798 pares
255 732 421 779 eamus-
444 737 505 780 ncn
528 717 584 779 erit
604 717 679 778 votis
702 736 793 797 opus:

144 802 237 865 aderit
260 820 384 863 noverea
406 821 483 882 quae
505 820 611 863 manus
634 811 751 863 nostras
773 809 855 881 regat

144 907 200 949 nec
223 887 364 948 invocata.
408 905 472 947 nur.
517 888 597 966 qued
620 905 706 966 paras
728 887 849 948 demens
872 883 997 947 scelus?

143 973 271 1052 perimes
294 972 430 1032 maritum
454 972 539 1032 cuius
561 980 711 1032 extremus
733 972 795 1034 dies

143 1057 317 1137 primusque
339 1056 439 1118 laudes
462 1057 543 1117 novit
566 1065 595 1118 et
617 1056 698 1118 caele
720 1065 809 1118 tenus

145 1151 240 1202 erecta
262 1151 357 1202 terras
378 1142 453 1202 fama
476 1141 645 1220 suppositas
667 1138 776 1203 hahet?

145 1224 300 1286 Graiorum
324 1226 353 1286 in
377 1226 448 1286 istos
472 1236 549 1287 terra
572 1236 734 1304 consurget
755 1225 831 1286 lares

143 1309 308 1389 doctusque
330 1311 425 1371 soceri
448 1311 542 1388 prima
564 1318 593 1371 et
616 1310 749 1372 Aetolum
773 1328 867 1388 genus

143 1404 293 1456 sternetur
316 1414 414 1469 omne,
438 1413 505 1456 saxa
528 1395 584 1456 iam
607 1395 718 1456 dudum
740 1415 774 1457 ac
796 1396 875 1455 laces

143 1479 174 1540 in
198 1488 226 1541 te
249 1480 391 1554 ferentur,
414 1479 559 1540 vindicem
583 1480 670 1541 tellus
693 1498 780 1542 suum

144 1564 281 1626 defendet
303 1564 413 1625 omnis:
439 1583 497 1626 una
520 1575 593 1643 quot
615 1583 728 1644 poenas
750 1561 854 1625 dabis‘l

144 1650 273 1729 effugere
297 1658 389 1710 terras
412 1649 498 1710 crede
521 1658 550 1709 et
572 1650 735 1711 humanum
758 1666 852 1728 genus

40 1759 46 1768 ·
143 1743 172 1797 te
194 1753 282 1814 posse
304 1769 345 1778 —
366 1733 479 1794 lulmen
503 1734 620 1812 genitor
642 1734 761 1796 Alcidae
783 1733 871 1812 gerit:

143 1818 199 1880 iam
223 1819 278 1880 iam
302 1819 432 1879 minaces
455 1819 497 1879 ire
519 1836 574 1897 per
596 1818 709 1880 caelum
732 1820 810 1880 faces

143 1912 242 1983 specta
266 1913 293 1965 et
316 1912 466 1965 tonantem
489 1903 614 1965 fulmine
637 1923 761 1966 excusso
784 1902 870 1963 diem.

142 1998 267 2049 mortem
291 2006 410 2067 quoque
433 1988 537 2066 ipsam,
561 2007 649 2068 quam
672 1997 758 2069 putas
780 1996 883 2062 tutam,
906 1986 997 2047 time:

143 2073 310 2134 dominatur
332 2073 392 2133 illic
414 2080 538 2152 patruus
561 2073 678 2136 Alcidae
700 2074 753 2136 tui.

142 2176 331 2237 quocumque
354 2175 469 2236 perges,
493 2157 610 2234 misera,
633 2167 774 2237 cognatos
797 2157 866 2218 deos

70 2245 73 2249 '
142 2242 202 2303 illic
224 2242 344 2303 videbis.
388 2261 445 2303 nni.
490 2242 648 2303 Maximum
670 2244 734 2305 fieri
756 2241 853 2304 scelus

144 2333 172 2388 et
194 2328 258 2406 ipsa
280 2327 382 2401 fateor,
406 2327 456 2388 sed
480 2326 564 2388 dclcr
586 2328 649 2388 fieri
672 2328 763 2391 iubet.

142 2430 206 2472 rvr.
250 2411 385 2472 Moriere.
430 2431 488 2471 nnn
532 2413 642 2473 Moriar
664 2412 800 2474 Herculis
823 2428 929 2489 nempe
952 2409 1064 2472 incluti

143 2496 274 2558 coniunx
297 2515 353 2556 nec
375 2495 454 2557 ullus
477 2504 563 2557 nocte
586 2496 718 2558 discussa
741 2497 803 2558 dies

143 2581 257 2642 viduam
281 2580 394 2642 notabit
416 2598 472 2641 nec
493 2599 575 2642 meos
598 2582 702 2660 paelex
726 2591 808 2644 toros

143 2665 254 2745 captiva
277 2665 436 2744 capiet-
459 2674 526 2726 ante
548 2666 584 2726 ab
607 2682 714 2728 occasu
737 2667 800 2728 dies

144 2759 289 2824 nascetur,
313 2750 402 2810 lndcs
424 2759 492 2812 ante
516 2750 645 2829 glacialis
667 2752 755 2832 polus

143 2835 301 2914 Scythasve
324 2835 421 2913 tepida
443 2834 582 2896 Phoebus
604 2837 715 2898 inficiet
736 2845 808 2907 rota,

144 2939 231 2999 quam
254 2937 300 2980 me
323 2919 454 2980 relictam
477 2920 633 2983 Thessalae
655 2921 799 3001 aspiciant
821 2936 924 2981 nurus.

142 3022 209 3065 mec
231 3004 343 3082 iugales
366 3006 511 3084 sanguine
534 3006 702 3085 extinguam
724 3007 812 3067 laces.

143 3097 193 3150 aut
215 3098 317 3168 pereat
338 3096 389 3150 ant
411 3108 457 3150 me
479 3091 604 3169 perimat
612 3110 621 3166 ;
644 3092 724 3153 elisis
744 3090 815 3152 feris

144 3183 173 3235 et
195 3175 350 3252 coniugem
374 3175 468 3250 addat,
492 3176 569 3237 inter
591 3176 752 3238 Herculeos
774 3175 843 3235 licet

143 3276 190 3320 me
212 3277 333 3337 qnoque
356 3258 472 3321 labores
494 3270 644 3323 numeret:
669 3260 787 3322 Alcidae
809 3269 889 3320 toros

142 3344 284 3405 moritura
307 3351 387 3404 certe
409 3362 535 3424 corpore
557 3346 718 3425 amplectar
739 3363 814 3406 mec.

36 3480 41 3486 .
140 3428 194 3504 ire,
217 3429 261 3490 ire
282 3428 318 3490 ad
341 3428 459 3490 umbras
482 3428 617 3491 Herculis
639 3440 761 3510 nuptam
785 3429 865 3502 libet,

229 3564 278 3615 308
297 3561 375 3614 cessit
394 3562 469 3613 codd.
488 3565 609 3613 corrasit
627 3564 746 3613 [ortium
763 3565 836 3614 misc.
856 3562 909 3613 eds.
929 3560 985 3626 lp.
999 3559 1032 3612 72
1084 3563 1137 3615 309
1156 3561 1219 3625 coni.

142 3634 247 3682 sanctae
263 3631 289 3681 A
347 3631 395 3682 312
433 3634 499 3681 atres
517 3630 611 3682 erimus
629 3630 654 3681 Ε
671 3644 744 3697 pares
763 3645 862 3684 eramus
880 3629 905 3679 A
925 3631 1047 3680 correxit
1065 3627 1219 3696 Madvtgt'm

142 3697 201 3748 adu.
220 3698 250 3748 ll
262 3714 290 3765 p.
310 3698 359 3749 125
377 3700 423 3762 (c.
444 3696 568 3763 Gronov.)
626 3700 675 3751 318
693 3699 788 3764 Angor.
807 3698 833 3749 in
856 3697 920 3749 istos
938 3697 962 3748 E
980 3701 1093 3748 currem·
1111 3697 1149 3760 os.
1169 3696 1221 3761 !,3

141 3779 217 3882 repes
235 3766 305 3884 indi.f
314 3770 373 3884 tdpt.
393 3779 485 3844 pareus
504 3767 528 3817 A
551 3836 556 3848 Ι
588 3767 640 3848 βῖθ
657 3769 784 3849 sterpetur
801 3780 884 3885 opunti,
895 3779 965 3884 pam
984 3768 1058 3886 tu3u2m
1078 3765 1219 3887 gensEller·

141 3832 362 3966 lllle'otf'l
396 3848 604 3966 dalmat?
622 3840 890 3968 tf‘gtttllttttm
909 3902 934 3952 A
989 3836 1219 3956 ³3³lllllu]

140 3969 190 4022 338
207 3967 346 4036 inspiciant
363 3967 389 4018 Ε
458 3971 507 4022 344
525 3968 624 4020 Herculi
643 3970 755 4022 iunctam
773 3971 805 4021 A.
823 3998 856 4007 -
874 3968 935 4020 licet
953 3973 973 4032 ς
