2602 4380
162 182 200 243 Vl
621 200 781 243 rnnnvnrro

164 371 231 415 nem
247 368 504 432 persequeremur,
527 350 596 412 satis
619 349 708 413 habui
731 350 806 412 duos
820 349 1015 412 bibliothecae
1030 350 1239 430 Lugdunensis

162 436 255 499 libros
277 453 382 515 magna
405 454 471 497 eum
495 436 631 497 comitate
653 435 689 496 ab
704 435 880 497 inlustribus
894 434 1090 497 bibliothecae
1105 436 1239 498 modera-

162 522 277 584 toribus
294 522 353 582 buc
367 521 585 597 transmissos1)
600 520 733 599 integros
749 521 886 582 conferre
902 539 1065 601 eorumque
1080 521 1238 584 lectionem

163 608 199 668 ad
222 606 383 686 scripturas
407 624 473 667 cum
497 606 614 667 aliunde
637 625 651 666 a
674 624 721 666 me
745 606 875 684 virisque
903 605 996 667 doctis
1017 605 1238 686 Wollenbergio

133 761 136 766 ⁸
165 696 213 770 (ex
229 691 380 752 codicibus
396 690 633 763 Turonensibus)
648 689 751 752 Paulio
767 693 814 766 (ex
829 690 1056 767 Lobhoviciano)
1072 691 1238 769 Zingerleio

163 780 210 852 (ex
225 775 482 853 lnnsbruchiensi)
505 783 657 855 excerptas
680 784 742 837 tum
766 775 898 855 aLipsio
914 775 1097 837 commelino
1119 777 1237 856 liaphe-

48 875 50 879 ·
163 862 262 942 lengio
278 861 377 922 Delrio
394 862 542 923 Gronovio
565 868 595 921 et
616 860 752 939 inprimis
774 859 933 921 aGrutero
956 868 1087 923 enotatas
1110 863 1237 940 exigere.

162 948 206 1008 sic
227 948 403 1026 plerumque
425 947 543 1008 testium
567 952 716 1008 consensu
739 945 863 1024 pristina
887 946 1074 1025 interpolatio
1097 965 1129 1008 se
1152 966 1238 1026 prae-

23 1037 27 1048 '
67 1056 71 1062 ¹
162 1030 257 1093 bebat.
290 1030 469 1110 ubicumque
488 1032 519 1093 in
542 1031 678 1092 lectionis
701 1030 897 1109 discrepantia
920 1031 1046 1092 dubitari
1071 1032 1166 1111 potuit
1189 1051 1238 1093 ve-

163 1124 282 1178 tustone
305 1116 347 1177 illi
370 1135 408 1177 an
431 1116 546 1177 novicio
569 1115 774 1194 interpolatori
791 1116 936 1195 scriptura
953 1117 1049 1194 aliqua
1071 1117 1236 1193 deberetur,

163 1201 258 1262 littera
274 1222 302 1280 ·ς
325 1220 397 1264 usus
420 1219 502 1276 sum;
525 1219 600 1280 quae
616 1201 665 1262 ubi
682 1219 750 1262 eum
766 1201 789 1260 A
805 1209 917 1263 certare
941 1200 1054 1262 videtur
1076 1201 1236 1263 indicatum

163 1287 243 1348 volui
258 1294 338 1347 'utra
367 1286 513 1365 scriptura
542 1285 724 1366 probabilius
753 1286 787 1347 ad
818 1294 963 1347 vetustum
994 1287 1236 1366 interpolatorem

163 1371 325 1433 referatur:
349 1371 439 1433 unius
461 1371 617 1432 alteriusve
632 1371 742 1432 codicis
764 1371 968 1432 testimonium
991 1389 1137 1450 nusquam
1154 1372 1235 1433 attuli

163 1457 222 1518 nisi
237 1458 313 1517 sorte
329 1454 401 1517 ltalo
417 1457 578 1529 correctori
593 1455 720 1518 feliciter
734 1473 823 1536 opera
840 1457 937 1517 cessit.
965 1457 1065 1516 eadem
1081 1456 1177 1518 littera
1192 1460 1237 1535 (ς)

163 1541 310 1602 notandae
324 1541 497 1602 videbantur
520 1540 704 1620 corruptelae
726 1541 832 1601 horum
849 1540 983 1602 codicum
1007 1560 1154 1602 consensu
1178 1552 1238 1602 tra·

163 1627 240 1689 ditae
262 1624 479 1706 verborumque
500 1626 610 1687 formas
632 1633 793 1687 metrumve
809 1627 1004 1700 destruentes,
1028 1645 1102 1705 quae
1119 1645 1186 1687 cum
1203 1647 1237 1688 ex

163 1712 263 1773 eadem
292 1711 439 1790 scriptura
461 1728 536 1790 quae
558 1712 590 1772 in
613 1711 740 1772 Etrusco
764 1719 948 1791 compareret
971 1711 1115 1790 originem
1141 1714 1237 1791 cepis-

162 1805 239 1871 sent,
262 1803 341 1858 certe
363 1813 424 1856 non
447 1796 483 1857 ab
506 1796 716 1875 interpolatore
731 1795 755 1855 A
769 1805 873 1875 poetae
887 1796 985 1857 vorbis
999 1796 1106 1857 inlatae
1123 1805 1237 1872 essent;

163 1881 265 1960 quales
288 1881 397 1960 ubique
414 1889 534 1942 enotare
549 1899 658 1961 operae
681 1880 808 1960 pretium
832 1899 893 1941 uon
917 1890 988 1942 erat.
1018 1881 1099 1942 valde
1122 1881 1239 1943 dolebat

163 1966 242 2046 quod
265 1966 300 2026 ad
323 1964 480 2027 lectionem
503 1967 528 2026 Α
549 1965 660 2027 rectius
683 1966 918 2043 cognoscendam
948 1985 1009 2026 non
1039 1967 1107 2028 satis
1137 1967 1237 2028 auxilii

162 2049 321 2130 praebebat
342 2050 459 2130 Peiperi
483 2059 512 2111 et
537 2050 668 2112 Richteri
698 2050 856 2112 adnotatio.
901 2052 951 2129 qui
980 2070 1047 2112 cum
1078 2051 1237 2113 editionem

163 2135 299 2197 Aldinam
330 2154 409 2197 anuo
435 2139 515 2200 1517
545 2136 581 2196 ab
605 2135 785 2214 Hieronymo
815 2136 938 2197 brantio
970 2144 1097 2197 curatam
1126 2137 1238 2198 cousti-

162 2219 289 2282 tuendae
310 2220 422 2299 vulgari
445 2219 564 2282 lectioni
586 2220 812 2281 fundamentum
835 2220 1033 2296 adhibuerint,
1057 2222 1095 2282 ita
1120 2230 1151 2283 ut
1174 2222 1238 2284 eius

163 2324 230 2367 cum
249 2304 332 2365 libris
356 2305 410 2366 ‘vel
426 2305 564 2366 omnibus
587 2305 791 2384 vetpluribus
813 2305 857 2365 vel
879 2325 940 2367 uno
957 2317 985 2366 et
1007 2305 1108 2368 altero’
1132 2307 1237 2386 (praei.

162 2411 192 2471 p.
215 2393 322 2465 xxxvu)
344 2408 522 2451 consensum
546 2391 641 2452 littera
663 2391 700 2466 A,
725 2390 924 2470 discrepantes
947 2391 983 2452 ab
1005 2391 1052 2452 illa
1075 2393 1238 2470 scripturas

162 2476 258 2537 littera
281 2485 311 2556 ψ
334 2475 479 2549 notarim,
508 2477 651 2536 sescentis
681 2476 755 2536 locis
784 2477 874 2537 unius
902 2475 1056 2537 alteriusve
1080 2476 1157 2538 docti
1173 2476 1236 2538 ltali

162 2561 313 2621 inventum
330 2569 363 2620 ut
383 2560 416 2636 Α,
438 2560 586 2638 vulgarem
611 2561 767 2622 lectionem
792 2568 824 2622 ut
844 2571 874 2642 ψ
897 2560 1051 2622 dederunt.
1097 2562 1238 2624 hiantius

163 2645 242 2707 enim
266 2653 294 2705 et
315 2645 380 2723 ipse
395 2644 486 2707 multa
510 2646 673 2708 emendavit
696 2646 737 2720 (in
761 2645 869 2725 quibus
892 2665 998 2707 causae
1020 2646 1093 2706 nihil
1117 2655 1161 2708 est
1183 2666 1239 2708 cur

162 2748 270 2791 nomen
294 2729 358 2790 eius
380 2729 555 2810 laudemque
578 2731 764 2807 reticeamus)
788 2738 817 2792 et
838 2731 936 2792 multis
959 2731 1142 2793 ecodicibus
1164 2751 1237 2793 con-

106 2885 114 2890 „
162 2815 289 2876 iecturas
311 2815 420 2894 probas
443 2834 605 2895 pravasque
628 2816 750 2894 recepit.
796 2835 855 2895 quo
879 2817 987 2876 lactum
1011 2823 1054 2877 est
1076 2824 1109 2877 ut
1134 2817 1237 2892 multa,

163 2919 238 2980 quae
260 2901 337 2979 apud
360 2899 518 2980 Peiperum
541 2908 569 2961 et
584 2899 754 2961 Richterum
770 2901 795 2961 4
810 2900 944 2974 audiunt,
968 2901 1055 2962 nobis
1076 2911 1127 2962 aut
1149 2902 1237 2963 omit-

161 2986 248 3047 tenda
271 2997 321 3045 aut
343 2985 429 3064 signo
452 2985 630 3046 modestiore
655 3005 675 3063 ς
698 2984 824 3046 notanda
847 2985 967 3046 fuerint.

247 3069 393 3132 Traditam
415 3070 570 3131 lectionem
587 3071 717 3131 virorum
733 3071 886 3131 doctorum
902 3071 1035 3150 meisque
1056 3071 1238 3133 coniecturis
1284 3093 1292 3104 ·

162 3156 319 3217 emendare
341 3155 451 3217 studui.
497 3154 570 3216 nihil
599 3155 630 3216 in
661 3154 816 3217 verborum
848 3165 1018 3216 contextum
1047 3155 1150 3216 admisi
1177 3156 1235 3218 nisi

162 3240 241 3320 quod
272 3248 322 3301 aut
350 3250 430 3301 recte
460 3239 598 3301 traditum
628 3247 678 3301 aut
706 3240 892 3302 emendatum
923 3247 1009 3302 esset.
1055 3240 1128 3301 nihil
1161 3259 1236 3302 con-

162 3325 282 3387 iecturis
305 3324 409 3386 lacessi
431 3343 536 3404 passus
559 3343 623 3386 sum
644 3325 724 3404 quod
747 3336 798 3387 aut
819 3325 1004 3386 emendatum
1022 3325 1170 3386 videretur
1185 3335 1237 3387 aut

162 3418 336 3490 corruptum
361 3428 511 3471 essenon
535 3417 636 3489 posset
657 3410 787 3491 probari.
831 3419 860 3471 at
882 3411 956 3472 locis
979 3429 1054 3489 quos
1077 3420 1237 3490 corruptos

162 3513 227 3556 esse
251 3493 376 3574 probare
398 3512 526 3574 possem,
551 3494 707 3557 emendare
730 3515 790 3557 non
814 3514 949 3575 possem,
973 3514 1091 3556 crucem
1115 3496 1235 3576 adpinxi

163 3587 192 3640 et
222 3581 410 3642 coniecturas
439 3581 550 3642 subieci
579 3589 629 3642 aut
658 3599 764 3656 unam,
793 3581 818 3640 si
849 3581 929 3641 nulla
957 3579 1050 3660 aeque
1073 3580 1236 3660 probabilis

233 3797 253 3860 ¹)
271 3796 332 3850 God.
351 3796 471 3851 lat.16E
489 3813 548 3851 ann.
563 3802 639 3863 4440,
657 3799 700 3866 qui
718 3798 860 3866 descriptus
879 3804 918 3851 est
935 3800 961 3851 in
980 3798 1091 3851 editione
1109 3798 1235 3866 lipsiensi

205 3876 309 3927 xxxvnr,
327 3867 353 3915 et
370 3864 426 3916 cod.
444 3865 470 3916 in
489 3866 521 3918 de
540 3865 648 3919 Betouw
665 3881 735 3930 xxiv,
754 3869 769 3919 2
787 3866 832 3920 sol.
850 3868 942 3919 memb.
962 3882 1020 3919 ann.
1043 3869 1108 3919 4444
1129 3867 1173 3934 qui
1192 3873 1233 3920 est

201 3964 205 3980 .
221 3929 366 3985 Vossianus
384 3931 505 3985 Gronovii
523 3941 569 3987 eut
586 3935 698 3988 eiusdem
717 3934 850 4003 gemellos.
