2580 4366
149 207 212 270 320
533 224 561 265 1.
583 223 688 265 11111111
709 223 837 266 sennenn

149 374 246 436 merui
268 385 437 455 parentem:
460 373 573 437 contuli
596 375 675 436 caelo
698 375 789 437 decus

150 468 304 538 materque
325 478 373 520 me
395 460 532 540 concepit
553 461 584 520 in
606 460 709 522 laudes
731 460 816 522 loris.

152 545 224 625 quin
246 544 321 624 ipse,
345 563 521 626 quamquam
543 545 687 625 luppiter,
711 546 789 606 credi
812 563 898 607 meus

152 639 236 710 pater
257 648 323 691 esse
345 631 469 708 gaudet3
492 648 580 711 parce
602 631 660 691 iam
681 630 819 705 lacrimis,
844 648 974 711 parens:

152 714 280 794 superba
302 724 410 777 matres
431 716 510 776 inter
532 715 682 794 Argolicas
704 709 772 777 eris.
1081 715 1084 722 “

155 799 226 878 quid
247 800 305 860 tale
326 801 402 862 luno
426 801 528 880 genuit
549 800 713 862 aetherium
735 819 843 880 gerens

154 894 305 964 sceptrum
328 895 357 947 et
377 886 505 948 Tonanti
528 885 642 966 nupta'l
670 885 786 946 mortali
808 894 907 947 tamen

156 969 270 1032 caelum
291 978 398 1032 tenens
419 972 531 1048 invidit,
554 971 675 1032 Alciden
699 989 786 1032 suum
921 983 924 987 ’

157 1055 214 1116 dici
237 1073 303 1117 esse
323 1056 424 1120 voluit.
469 1075 577 1136 perage
599 1074 691 1131 nunc,
713 1056 810 1132 Titan,
833 1057 911 1117 vices

156 1139 238 1202 solus
260 1139 395 1202 relictus:
418 1140 467 1203 ille
490 1141 541 1221 qui
562 1150 659 1202 vester
681 1158 780 1202 comes

157 1225 269 1304 ubique
291 1226 414 1301 fueram,
437 1226 557 1288 Tartara
580 1234 609 1289 et
630 1244 732 1287 manes
754 1232 833 1307 peto.

157 1309 235 1371 hanc
256 1320 353 1372 tamen
376 1310 410 1372 ad
433 1311 509 1372 imos
530 1312 678 1391 perferam
699 1310 816 1374 laudem
837 1310 993 1388 inclutam,

160 1395 239 1474 quod
262 1396 342 1457 nulla
363 1396 456 1476 pestis
477 1396 554 1458 fudit
575 1397 696 1458 Alciden
720 1395 815 1476 palam

160 1497 338 1560 omnemque
359 1491 473 1562 pestem
495 1481 563 1543 vicit
584 1481 701 1543 Alcides
723 1483 828 1562 palam.

509 1617 657 1680 CHORVS

345 1719 369 1781 0
393 1721 485 1781 decus
508 1721 621 1795 mundi,
645 1719 754 1781 radiate
776 1718 873 1794 Titan,
949 1793 952 1798 Ι

244 1805 328 1867 cuius
350 1805 386 1866 ad
408 1805 521 1884 primos
543 1805 651 1866 Hecate
673 1822 796 1884 vapores

244 1891 318 1952 lassa
341 1900 505 1952 nocturnae
525 1890 600 1951 levat
622 1908 673 1950 ora
694 1890 794 1967 bigae:

246 1976 293 2036 dic
316 1975 371 2037 sub
394 1978 508 2037 Aurora
530 1975 635 2055 positis
658 1974 787 2049 Sabaeis,

246 2061 294 2122 dic
315 2061 371 2122 sub
394 2077 502 2122 occasu
524 2059 629 2139 positis
651 2059 778 2133 Hiberis,
857 2059 862 2069 '

248 2145 359 2226 quique
381 2146 436 2208 sub
458 2145 591 2226 plaustro
614 2145 769 2224 patiuntur
790 2160 877 2205 ursae

247 2230 358 2311 quique
381 2229 505 2292 ferventi
528 2231 702 2309 quatiuntur
724 2248 786 2304 axe,

247 2315 294 2376 dic
315 2317 371 2377 sub
393 2324 530 2377 aeternos
551 2332 712 2395 properare
733 2331 834 2375 manes

248 2399 407 2462 Herculem
429 2411 458 2461 et
478 2418 605 2477 regnum
628 2400 709 2460 canis
731 2396 867 2478 inquieti,
921 2409 924 2415 “

248 2484 264 2549 Τ
285 2485 364 2546 unde
387 2505 449 2547 non
472 2503 633 2563 numquam
656 2484 794 2546 remeavit
817 2482 893 2543 inde.

249 2588 332 2631 sume
355 2589 430 2649 quos
453 2570 547 2631 nubes
568 2570 665 2630 radios
687 2576 859 2648 sequantur,

249 2655 377 2735 pallidus
398 2665 522 2717 maestas
544 2654 698 2735 speculare
721 2662 813 2714 terras

250 2749 279 2801 et
301 2749 391 2820 caput
411 2749 514 2820 turpes
536 2739 660 2801 nebulae
681 2745 846 2820 pererrent.

250 2827 379 2904 quando,
401 2845 457 2905 pro
480 2825 576 2900 Titan,
599 2825 660 2899 ubi,
684 2843 743 2904 quo
765 2822 821 2884 sub
843 2838 895 2882 axe

251 2909 409 2973 Herculem
431 2911 461 2972 in
484 2910 571 2972 terris
593 2909 682 2971 alium
704 2904 858 2987 sequeris?

252 3015 325 3075 quas
347 3014 452 3057 manus
475 2995 555 3056 orbis
577 2995 666 3055 miser
688 2992 845 3066 invocabit,

252 3082 276 3143 si
300 3100 357 3161 qua
380 3080 435 3142 sub
457 3081 554 3142 Lerna
576 3097 736 3141 numerosa
757 3076 849 3158 pestis

253 3176 372 3245 sparget
395 3168 426 3228 in
449 3178 569 3228 centum
591 3164 701 3226 rabiem
722 3164 874 3235 dracones,

253 3252 401 3312 Arcadum
423 3251 448 3311 si
471 3252 538 3330 quis
560 3250 681 3330 populis
702 3248 824 3310 vetustis

241 3337 358 3413 ,lecerit
379 3336 465 3398 silvas
488 3354 559 3417 aper
580 3334 736 3415 inquietas,

256 3494 321 3544 1505
339 3492 479 3554 natumque
501 3502 542 3538 me
560 3487 585 3536 Ε
608 3490 697 3536 natura
715 3497 756 3534 me
773 3484 799 3533 A
823 3479 933 3531 correct·
949 3545 955 3556 ·
1009 3479 1077 3530 1506
1095 3491 1180 3544 quum
1195 3475 1248 3555 lup

170 3561 237 3629 pitcr
252 3561 277 3611 Ε
330 3561 394 3611 1507
413 3555 524 3607 lacrimis
541 3554 605 3606 meis
622 3555 647 3604 A
705 3553 769 3604 1509
789 3550 850 3601 luno
869 3549 969 3614 peperit
985 3545 1011 3595 A
1084 3547 1155 3600 1516
1173 3549 1248 3612 palu

170 3629 232 3681 vicit
248 3630 273 3680 A
328 3629 390 3679 1517
410 3637 544 3691 orbemque
561 3621 586 3672 Ε
658 3614 974 3673 15211111111111111Ε
1027 3614 1103 3667 1523.
1126 3614 1248 3668 1524111-

170 3713 245 3748 oerro
264 3696 398 3748 ordineA
452 3694 518 3746 1524
535 3690 630 3757 quique
646 3688 787 3740 ferventem
804 3684 934 3752 patiuntur
951 3695 1026 3733 axem
1044 3682 1071 3732 A
1128 3684 1196 3735 1525
1211 3678 1249 3731 dre

171 3763 204 3815 ad
221 3779 245 3818 a.
262 3765 287 3815 A
343 3765 406 3816 1521
426 3777 452 3813 u.
471 3775 522 3812 non
541 3772 662 3824 umquam
679 3771 700 3808 r.
718 3755 785 3806 ullus
802 3755 828 3804 A
834 3771 845 3815 ;
869 3752 987 3802 conieci:
1005 3747 1093 3802 denuo
1110 3761 1250 3818 numquam

170 3832 294 3884 remeabit
311 3831 370 3884 inde
426 3832 487 3882 1531
508 3826 552 3878 ubi
569 3840 654 3893 quove
672 3838 769 3876 summe
786 3824 811 3873 A
871 3821 935 3872 1533
952 3817 1089 3898 invocabis
1106 3819 1134 3870 A
1190 3817 1251 3871 1551

172 3899 301 3953 subterra
319 3901 345 3950 A
398 3901 463 3951 1535
482 3898 586 3962 sparget
603 3894 726 3945 intentam
744 3891 840 3942 rabiem
857 3887 974 3940 draconis
992 3887 1018 3938 A
1078 3889 1147 3941 1536
1166 3882 1251 3954 populi

173 3968 267 4022 vetusti
284 3970 310 4020 A
326 3965 430 4037 populis
447 3968 564 4017 vetustas
581 3963 606 4014 Ε
624 3963 745 4014 correxit
763 3958 913 4010 Gronovius
