2580 4366
127 108 188 170 220
579 124 737 166 tumuere.

331 292 398 355 eope
418 272 493 336 hune
514 274 692 354 triumphum
713 273 790 336 solua
811 285 837 337 et
858 277 941 337 vinee
961 272 1117 346 Herculea,

129 363 228 424 nutrix
250 360 327 421 redit
348 377 382 420 ao
404 359 490 420 dicit:
642 408 645 413 .

328 445 445 524 prolato
466 449 510 506 oie
531 456 571 506 est
593 462 716 525 quaeque
738 443 872 507 Palladio
893 443 958 507 oola

332 530 449 591 lossooit
470 548 582 591 omnem
604 541 684 592 teoto
705 529 887 609 famulorum
908 548 1036 592 menum.

129 634 188 695 quo
219 616 365 676 referatur
385 633 508 695 quaeque
538 614 703 689 nescimus3
732 615 932 695 somperimus
957 632 1012 694 per
1034 614 1253 677 Deianira-n

129 719 204 780 quae
229 700 340 780 pergit:

332 803 408 846 nune
430 795 601 863 cooperatur
620 790 701 846 virus
723 796 750 846 et
772 789 888 847 uestis
910 784 988 847 bitot

332 868 474 931 Herculeo
492 880 608 950 pestere,
627 869 758 949 precibus
779 869 885 948 aupebe
906 869 1027 931 molum.

127 954 195 1016 dein
217 954 332 1015 nutrix:

333 1043 365 1100 in
386 1051 510 1119 tempore
531 1042 592 1118 ipso
615 1056 707 1101 naeus
728 1042 852 1102 ooeurre't
873 1036 980 1100 lienus.
1025 1067 1029 1073 ·

129 1125 202 1186 haee
230 1131 263 1185 ut
291 1124 414 1185 fecimus
438 1124 621 1202 disponenda
645 1124 724 1186 inter
746 1141 889 1204 personas
912 1141 978 1184 esse
1000 1123 1117 1185 eodinus
1138 1139 1273 1187 not:

129 1209 298 1279 ostendunt,
323 1210 374 1287 qui
397 1209 495 1270 omnia
517 1209 571 1270 ista
597 1209 704 1271 nutriei
727 1210 913 1271 continuant
951 1208 982 1269 in
1006 1224 1274 1288 queramur-t

128 1295 189 1356 veri
218 1293 371 1371 vestigium
402 1301 532 1373 apparet.
577 1312 643 1355 nam
674 1294 762 1356 vestis
790 1292 973 1356 mentionem
1003 1300 1071 1355 ante
1088 1313 1117 1356 v.
1138 1294 1274 1361 5633

129 1379 307 1440 efferendam
330 1397 395 1439 esse
417 1378 574 1458 persuadet
597 1380 783 1457 grammatica
812 1377 896 1440 ratio.
941 1377 1042 1457 itaque
1065 1377 1273 1445 neum-..a

129 1464 268 1544 perfectis
290 1463 430 1542 precibus
452 1463 496 1524 sio
516 1464 628 1542 pergit:

334 1567 412 1609 etiae
434 1558 604 1628 cooperetur
625 1553 707 1609 vinu
727 1560 754 1610 et
775 1553 860 1611 vestis
882 1549 959 1611 oenoe

334 1633 474 1695 Herculeo
490 1645 613 1713 pestem,
640 1633 772 1713 precibus
793 1635 899 1712 oopebo
921 1634 1041 1696 melam.

130 1719 197 1779 dein
221 1719 335 1780 nutrix:
798 1721 800 1725 ’

329 1802 446 1883 prolato
467 1807 511 1864 vis
533 1814 574 1865 eat
595 1821 718 1884 quaeque
741 1801 873 1865 ramae
895 1803 958 1865 colu

334 1889 451 1950 lassauit
473 1907 585 1949 omnem
608 1899 686 1950 teate
707 1888 888 1967 famulorum
909 1908 1042 1951 monum.

334 1978 512 2055 intempore
534 1977 594 2053 ipae
618 1993 710 2034 novus
732 1978 855 2035 occurrit
877 1971 994 2035 lidiae:

335 2059 450 2120 celando
472 2063 515 2119 vis
537 2070 577 2120 est
600 2060 673 2131 diro,
697 2077 732 2119 ae
750 2069 870 2138 puteant
892 2058 954 2121 doli

131 2160 197 2203 nam
221 2144 264 2204 sie
286 2143 478 2204 novissimum
500 2161 617 2204 versum
640 2143 828 2204 scribendum
851 2161 917 2204 esse
932 2142 1047 2223 pridem
1060 2140 1093 2204 N.
1108 2139 1249 2202 Hein-

131 2227 193 2289 sius
215 2228 324 2288 docuit.

652 2502 681 2561 7.

570 2634 682 2696 Phoen.
705 2635 767 2697 356

335 2755 385 2797 nee
405 2735 455 2797 hoe
477 2746 521 2797 sut
542 2748 596 2799 eat:
625 2737 698 2816 qaod
720 2735 797 2798 oeta
818 2747 851 2798 ut
871 2735 925 2816 fiet
946 2737 1031 2816 nesea

336 2823 369 2882 de
389 2839 469 2883 more
489 2834 596 2895 nostro,
619 2822 693 2901 quod
712 2839 789 2883 meos
811 2822 903 2883 deceat
924 2832 1013 2894 toros,

336 2909 399 2968 dote
421 2926 505 2967 ormo
523 2911 623 2986 petri:
645 2925 726 2968 nemo
748 2924 793 2968 me
815 2904 1021 2968 omniserunt

334 2992 424 3066 silvis,
446 2991 536 3053 latebo
558 2997 640 3072 rupis
662 3009 761 3053 emesae
783 3008 851 3053 euoo
874 3009 899 3052 e.
915 3009 946 3070 q.
961 3009 985 3051 s.

131 3087 286 3159 antequam
311 3077 508 3157 corruptelam
531 3095 589 3155 qua
605 3076 635 3136 hi
650 3093 752 3137 versus
767 3075 863 3137 affecti
878 3083 949 3136 sunt
966 3075 1114 3151 tollamus,
1135 3092 1186 3137 rar

131 3182 183 3226 sus
203 3165 351 3225 minutum
366 3162 476 3241 aliquid
491 3162 735 3240 perstringemus.
765 3161 914 3223 rarissime
928 3160 1043 3221 aeitioet
1057 3142 1272 3224 invenitus

132 3248 219 3310 dictio
243 3248 337 3328 qualis
361 3256 405 3310 est
419 3249 452 3308 de
473 3264 552 3309 more
573 3258 690 3308 nostro:
712 3264 779 3306 uam
802 3264 870 3306 oum
893 3252 998 3325 poetae
1019 3262 1125 3309 omnes
1144 3241 1273 3307 itas

132 3341 258 3413 quenter
272 3333 371 3394 dicant
386 3334 418 3394 de
432 3351 520 3404 more,
539 3336 653 3411 patriae
667 3333 700 3392 de
713 3349 802 3407 more,
824 3350 904 3393 more
918 3330 1024 3412 aliquo,
1040 3335 1074 3393 ita
1087 3340 1273 3403 mama

131 3422 163 3479 ia
184 3436 293 3480 morem
314 3417 451 3499 aliquem,
473 3428 570 3479 tamen
593 3416 688 3497 aliquo
711 3418 744 3478 de
765 3434 844 3479 more
866 3423 896 3477 et
917 3415 1009 3478 vitam
1028 3398 1273 3496 plerumqud

132 3510 160 3564 et
181 3503 243 3564 fere
266 3521 327 3564 non
350 3513 498 3582 usurpant
520 3501 577 3563 nisi
600 3503 630 3562 in
654 3500 792 3579 epithetis
814 3511 843 3562 et
857 3501 930 3581 ipsis
945 3498 1038 3562 moris
1053 3494 1270 3564 notioneuf

131 3587 370 3662 continentibus,
401 3588 497 3667 qualia
527 3593 598 3648 sunt
624 3585 725 3648 solitus
750 3590 866 3667 patrias
894 3585 1010 3648 similia.
1054 3595 1145 3667 atquo
1172 3580 1260 3647 ab

132 3690 308 3752 componam
331 3690 535 3752 quaecumque
556 3671 634 3751 apud
657 3679 759 3750 poetas
780 3671 852 3733 mihi
879 3680 1095 3745 occurrerunt,
1122 3669 1243 3733 aolitr

132 3759 165 3820 de
185 3776 265 3820 more
297 3756 395 3818 dixere
417 3757 503 3836 Verg.
527 3757 601 3818 Aen.
626 3755 692 3829 vll,
714 3757 773 3819 357
805 3757 887 3819 solito
911 3767 1042 3819 mmm
1064 3756 1099 3819 de
1118 3772 1220 3827 nora,

131 3843 204 3905 Stat.
220 3842 312 3904 Theb.
328 3841 364 3919 X,
388 3843 449 3906 829
472 3841 554 3904 solito
576 3852 676 3903 votum
698 3842 730 3902 de
751 3860 840 3914 more,
871 3841 933 3904 silv.
949 3840 1043 3922 1v‚t,
1062 3844 1101 3906 to
1122 3839 1218 3903 nolito

1207 3072 1269 3105 f·
