<?xml version="1.0" encoding="UTF-8"?>
<!DOCTYPE html PUBLIC "-//W3C//DTD XHTML 1.0 Transitional//EN"
    "http://www.w3.org/TR/xhtml1/DTD/xhtml1-transitional.dtd">
<html xmlns="http://www.w3.org/1999/xhtml" xml:lang="en" lang="en">
 <head>
  <title>
</title>
<meta http-equiv="Content-Type" content="text/html;charset=utf-8" />
  <meta name='ocr-system' content='tesseract 3.04.00' />
  <meta name='ocr-capabilities' content='ocr_page ocr_carea ocr_par ocr_line ocrx_word'/>
</head>
<body>
  <div class='ocr_page' id='page_1' title='image "./tragoediae00leogoog_0296.png"; bbox 0 0 2602 4380; ppageno 0'>
   <div class='ocr_carea' id='block_1_1' title="bbox 499 212 790 289">
    <p class='ocr_par' dir='ltr' id='par_1_1' title="bbox 499 212 790 289">
     <span class='ocr_line' id='line_1_1' title="bbox 499 212 790 289; baseline 0.014 -20"><span class='ocrx_word' id='word_1_1' title='bbox 499 227 645 272; x_wconf 72' lang='lat' dir='ltr'>nuncians</span> <span class='ocrx_word' id='word_1_2' title='bbox 660 212 790 289; x_wconf 74' lang='lat' dir='ltr'>[uranus]</span> 
     </span>
    </p>
   </div>
   <div class='ocr_carea' id='block_1_2' title="bbox 386 377 504 440">
    <p class='ocr_par' dir='ltr' id='par_1_2' title="bbox 386 377 504 440">
     <span class='ocr_line' id='line_1_2' title="bbox 386 377 504 440; baseline 0.008 -1"><span class='ocrx_word' id='word_1_3' title='bbox 386 377 504 440; x_wconf 84' lang='lat' dir='ltr'>LYCVS</span> 
     </span>
    </p>
   </div>
   <div class='ocr_carea' id='block_1_3' title="bbox 105 495 991 3132">
    <p class='ocr_par' dir='ltr' id='par_1_3' title="bbox 105 495 724 576">
     <span class='ocr_line' id='line_1_3' title="bbox 105 495 724 576; baseline 0.008 -21"><span class='ocrx_word' id='word_1_4' title='bbox 105 495 193 556; x_wconf 89' lang='lat' dir='ltr'>Vrbis</span> <span class='ocrx_word' id='word_1_5' title='bbox 208 514 315 576; x_wconf 86' lang='lat' dir='ltr'>regens</span> <span class='ocrx_word' id='word_1_6' title='bbox 331 497 473 576; x_wconf 91' lang='lat' dir='ltr'>opulenta</span> <span class='ocrx_word' id='word_1_7' title='bbox 488 497 645 559; x_wconf 80' lang='lat' dir='ltr'><strong>Thebanae</strong></span> <span class='ocrx_word' id='word_1_8' title='bbox 659 498 724 560; x_wconf 90' lang='lat' dir='ltr'>loca</span> 
     </span>
    </p>

    <p class='ocr_par' dir='ltr' id='par_1_4' title="bbox 106 581 688 661">
     <span class='ocr_line' id='line_1_4' title="bbox 106 581 688 661; baseline 0.002 -18"><span class='ocrx_word' id='word_1_9' title='bbox 106 589 137 644; x_wconf 87' lang='lat' dir='ltr'>et</span> <span class='ocrx_word' id='word_1_10' title='bbox 152 599 240 643; x_wconf 91' lang='lat' dir='ltr'>omne</span> <span class='ocrx_word' id='word_1_11' title='bbox 256 581 400 661; x_wconf 88' lang='lat' dir='ltr'>quidquid</span> <span class='ocrx_word' id='word_1_12' title='bbox 416 582 501 643; x_wconf 87' lang='lat' dir='ltr'>uberi</span> <span class='ocrx_word' id='word_1_13' title='bbox 517 583 610 661; x_wconf 79' lang='lat' dir='ltr'>cingit</span> <span class='ocrx_word' id='word_1_14' title='bbox 624 582 688 644; x_wconf 90' lang='lat' dir='ltr'>solo</span> 
     </span>
    </p>

    <p class='ocr_par' dir='ltr' id='par_1_5' title="bbox 106 666 784 832">
     <span class='ocr_line' id='line_1_5' title="bbox 106 666 769 748; baseline 0.006 -21"><span class='ocrx_word' id='word_1_15' title='bbox 106 666 228 747; x_wconf 90' lang='lat' dir='ltr'>obliqua</span> <span class='ocrx_word' id='word_1_16' title='bbox 242 666 360 740; x_wconf 84' lang='lat' dir='ltr'>Phocis,</span> <span class='ocrx_word' id='word_1_17' title='bbox 375 667 520 747; x_wconf 90' lang='lat' dir='ltr'>quidquid</span> <span class='ocrx_word' id='word_1_18' title='bbox 535 667 668 730; x_wconf 75' lang='lat' dir='ltr'>Ismenos</span> <span class='ocrx_word' id='word_1_19' title='bbox 683 669 769 748; x_wconf 91' lang='lat' dir='ltr'>rigat,</span> 
     </span>
     <span class='ocr_line' id='line_1_6' title="bbox 106 751 784 832; baseline 0.001 -19"><span class='ocrx_word' id='word_1_20' title='bbox 106 751 252 832; x_wconf 88' lang='lat' dir='ltr'>quidquid</span> <span class='ocrx_word' id='word_1_21' title='bbox 269 751 425 814; x_wconf 86' lang='lat' dir='ltr'>Cithaeron</span> <span class='ocrx_word' id='word_1_22' title='bbox 442 753 551 814; x_wconf 86' lang='lat' dir='ltr'>vertice</span> <span class='ocrx_word' id='word_1_23' title='bbox 566 753 682 815; x_wconf 86' lang='lat' dir='ltr'>excelso</span> <span class='ocrx_word' id='word_1_24' title='bbox 697 754 784 831; x_wconf 87' lang='lat' dir='ltr'>videt,</span> 
     </span>
    </p>

    <p class='ocr_par' dir='ltr' id='par_1_6' title="bbox 106 837 762 1003">
     <span class='ocr_line' id='line_1_7' title="bbox 107 837 762 918; baseline 0.002 -19"><span class='ocrx_word' id='word_1_25' title='bbox 107 856 170 899; x_wconf 93' lang='lat' dir='ltr'>non</span> <span class='ocrx_word' id='word_1_26' title='bbox 185 846 282 897; x_wconf 90' lang='lat' dir='ltr'>vetera</span> <span class='ocrx_word' id='word_1_27' title='bbox 297 837 408 917; x_wconf 82' lang='lat' dir='ltr'>patriae</span> <span class='ocrx_word' id='word_1_28' title='bbox 424 837 489 899; x_wconf 90' lang='lat' dir='ltr'>iura</span> <span class='ocrx_word' id='word_1_29' title='bbox 503 837 640 918; x_wconf 86' lang='lat' dir='ltr'>possideo</span> <span class='ocrx_word' id='word_1_30' title='bbox 658 838 762 901; x_wconf 88' lang='lat' dir='ltr'>domus</span> 
     </span>
     <span class='ocr_line' id='line_1_8' title="bbox 106 921 731 1003; baseline 0.002 -19"><span class='ocrx_word' id='word_1_31' title='bbox 106 923 231 1003; x_wconf 87' lang='lat' dir='ltr'>ignavus</span> <span class='ocrx_word' id='word_1_32' title='bbox 246 923 350 998; x_wconf 83' lang='lat' dir='ltr'>heres3</span> <span class='ocrx_word' id='word_1_33' title='bbox 367 921 482 984; x_wconf 90' lang='lat' dir='ltr'>nobiles</span> <span class='ocrx_word' id='word_1_34' title='bbox 497 942 557 984; x_wconf 91' lang='lat' dir='ltr'>non</span> <span class='ocrx_word' id='word_1_35' title='bbox 574 931 644 985; x_wconf 88' lang='lat' dir='ltr'>sunt</span> <span class='ocrx_word' id='word_1_36' title='bbox 658 924 731 985; x_wconf 93' lang='lat' dir='ltr'>mihi</span> 
     </span>
    </p>

    <p class='ocr_par' dir='ltr' id='par_1_7' title="bbox 108 1007 687 1088">
     <span class='ocr_line' id='line_1_9' title="bbox 108 1007 687 1088; baseline 0.003 -19"><span class='ocrx_word' id='word_1_37' title='bbox 108 1007 153 1069; x_wconf 88' lang='lat' dir='ltr'>avi</span> <span class='ocrx_word' id='word_1_38' title='bbox 169 1026 226 1069; x_wconf 93' lang='lat' dir='ltr'>nec</span> <span class='ocrx_word' id='word_1_39' title='bbox 240 1007 306 1068; x_wconf 90' lang='lat' dir='ltr'>altis</span> <span class='ocrx_word' id='word_1_40' title='bbox 322 1007 454 1069; x_wconf 90' lang='lat' dir='ltr'>inclitum</span> <span class='ocrx_word' id='word_1_41' title='bbox 471 1008 565 1071; x_wconf 89' lang='lat' dir='ltr'>titulis</span> <span class='ocrx_word' id='word_1_42' title='bbox 583 1027 687 1088; x_wconf 86' lang='lat' dir='ltr'>genus,</span> 
     </span>
    </p>

    <p class='ocr_par' dir='ltr' id='par_1_8' title="bbox 107 1092 774 1259">
     <span class='ocr_line' id='line_1_10' title="bbox 107 1092 774 1174; baseline 0.001 -20"><span class='ocrx_word' id='word_1_43' title='bbox 107 1092 159 1155; x_wconf 85' lang='lat' dir='ltr'>sed</span> <span class='ocrx_word' id='word_1_44' title='bbox 175 1093 252 1154; x_wconf 88' lang='lat' dir='ltr'>clara</span> <span class='ocrx_word' id='word_1_45' title='bbox 267 1093 376 1154; x_wconf 89' lang='lat' dir='ltr'>virtus:</span> <span class='ocrx_word' id='word_1_46' title='bbox 394 1093 445 1172; x_wconf 91' lang='lat' dir='ltr'>qni</span> <span class='ocrx_word' id='word_1_47' title='bbox 462 1111 557 1172; x_wconf 89' lang='lat' dir='ltr'>genus</span> <span class='ocrx_word' id='word_1_48' title='bbox 572 1094 659 1156; x_wconf 90' lang='lat' dir='ltr'>iactat</span> <span class='ocrx_word' id='word_1_49' title='bbox 677 1113 774 1174; x_wconf 86' lang='lat' dir='ltr'>suum,</span> 
     </span>
     <span class='ocr_line' id='line_1_11' title="bbox 107 1177 740 1259; baseline 0.005 -21"><span class='ocrx_word' id='word_1_50' title='bbox 107 1177 203 1239; x_wconf 89' lang='lat' dir='ltr'>aliena</span> <span class='ocrx_word' id='word_1_51' title='bbox 218 1178 325 1239; x_wconf 92' lang='lat' dir='ltr'>laudat.</span> <span class='ocrx_word' id='word_1_52' title='bbox 356 1187 439 1258; x_wconf 90' lang='lat' dir='ltr'>rapta</span> <span class='ocrx_word' id='word_1_53' title='bbox 454 1179 505 1240; x_wconf 89' lang='lat' dir='ltr'>sed</span> <span class='ocrx_word' id='word_1_54' title='bbox 521 1180 635 1259; x_wconf 90' lang='lat' dir='ltr'>trepida</span> <span class='ocrx_word' id='word_1_55' title='bbox 650 1198 740 1243; x_wconf 94' lang='lat' dir='ltr'>manu</span> 
     </span>
    </p>

    <p class='ocr_par' dir='ltr' id='par_1_9' title="bbox 106 1263 850 1427">
     <span class='ocr_line' id='line_1_12' title="bbox 106 1263 850 1343; baseline 0.004 -20"><span class='ocrx_word' id='word_1_56' title='bbox 106 1272 225 1343; x_wconf 88' lang='lat' dir='ltr'>sceptra</span> <span class='ocrx_word' id='word_1_57' title='bbox 241 1263 429 1338; x_wconf 90' lang='lat' dir='ltr'>obtinentur;</span> <span class='ocrx_word' id='word_1_58' title='bbox 446 1265 543 1326; x_wconf 90' lang='lat' dir='ltr'>omnis</span> <span class='ocrx_word' id='word_1_59' title='bbox 558 1265 587 1325; x_wconf 94' lang='lat' dir='ltr'>in</span> <span class='ocrx_word' id='word_1_60' title='bbox 605 1265 684 1326; x_wconf 86' lang='lat' dir='ltr'>lerro</span> <span class='ocrx_word' id='word_1_61' title='bbox 698 1275 742 1328; x_wconf 87' lang='lat' dir='ltr'>cst</span> <span class='ocrx_word' id='word_1_62' title='bbox 756 1266 850 1330; x_wconf 70' lang='lat' dir='ltr'>salusa</span> 
     </span>
     <span class='ocr_line' id='line_1_13' title="bbox 107 1347 682 1427; baseline 0.005 -19"><span class='ocrx_word' id='word_1_63' title='bbox 107 1348 188 1427; x_wconf 89' lang='lat' dir='ltr'>quod</span> <span class='ocrx_word' id='word_1_64' title='bbox 205 1347 316 1408; x_wconf 87' lang='lat' dir='ltr'>civibus</span> <span class='ocrx_word' id='word_1_65' title='bbox 331 1356 434 1409; x_wconf 88' lang='lat' dir='ltr'>tenere</span> <span class='ocrx_word' id='word_1_66' title='bbox 449 1358 478 1410; x_wconf 92' lang='lat' dir='ltr'>te</span> <span class='ocrx_word' id='word_1_67' title='bbox 493 1349 591 1411; x_wconf 90' lang='lat' dir='ltr'>invitis</span> <span class='ocrx_word' id='word_1_68' title='bbox 607 1350 682 1411; x_wconf 92' lang='lat' dir='ltr'>scias</span> 
     </span>
    </p>

    <p class='ocr_par' dir='ltr' id='par_1_10' title="bbox 106 1433 704 1497">
     <span class='ocr_line' id='line_1_14' title="bbox 106 1433 704 1497; baseline 0.002 -3"><span class='ocrx_word' id='word_1_69' title='bbox 106 1433 229 1495; x_wconf 88' lang='lat' dir='ltr'>strictus</span> <span class='ocrx_word' id='word_1_70' title='bbox 244 1441 345 1494; x_wconf 91' lang='lat' dir='ltr'>tuetur</span> <span class='ocrx_word' id='word_1_71' title='bbox 360 1434 449 1495; x_wconf 90' lang='lat' dir='ltr'>ensis.</span> <span class='ocrx_word' id='word_1_72' title='bbox 479 1435 575 1496; x_wconf 91' lang='lat' dir='ltr'>alieno</span> <span class='ocrx_word' id='word_1_73' title='bbox 591 1435 622 1496; x_wconf 95' lang='lat' dir='ltr'>in</span> <span class='ocrx_word' id='word_1_74' title='bbox 638 1435 704 1497; x_wconf 91' lang='lat' dir='ltr'>loco</span> 
     </span>
    </p>

    <p class='ocr_par' dir='ltr' id='par_1_11' title="bbox 107 1517 905 1684">
     <span class='ocr_line' id='line_1_15' title="bbox 107 1517 905 1602; baseline 0.006 -24"><span class='ocrx_word' id='word_1_75' title='bbox 107 1519 180 1580; x_wconf 90' lang='lat' dir='ltr'>haut</span> <span class='ocrx_word' id='word_1_76' title='bbox 194 1517 298 1579; x_wconf 90' lang='lat' dir='ltr'>stabile</span> <span class='ocrx_word' id='word_1_77' title='bbox 313 1537 439 1596; x_wconf 86' lang='lat' dir='ltr'>regnum</span> <span class='ocrx_word' id='word_1_78' title='bbox 456 1531 516 1595; x_wconf 88' lang='lat' dir='ltr'>est;</span> <span class='ocrx_word' id='word_1_79' title='bbox 533 1539 591 1581; x_wconf 87' lang='lat' dir='ltr'>una</span> <span class='ocrx_word' id='word_1_80' title='bbox 607 1521 658 1582; x_wconf 89' lang='lat' dir='ltr'>sed</span> <span class='ocrx_word' id='word_1_81' title='bbox 674 1530 791 1584; x_wconf 88' lang='lat' dir='ltr'>nostras</span> <span class='ocrx_word' id='word_1_82' title='bbox 806 1529 905 1602; x_wconf 92' lang='lat' dir='ltr'>potest</span> 
     </span>
     <span class='ocr_line' id='line_1_16' title="bbox 107 1603 622 1684; baseline 0.004 -20"><span class='ocrx_word' id='word_1_83' title='bbox 107 1603 233 1664; x_wconf 91' lang='lat' dir='ltr'>lundare</span> <span class='ocrx_word' id='word_1_84' title='bbox 248 1603 324 1664; x_wconf 87' lang='lat' dir='ltr'>vires</span> <span class='ocrx_word' id='word_1_85' title='bbox 339 1603 439 1665; x_wconf 90' lang='lat' dir='ltr'>iuncta</span> <span class='ocrx_word' id='word_1_86' title='bbox 452 1604 545 1684; x_wconf 86' lang='lat' dir='ltr'>regali</span> <span class='ocrx_word' id='word_1_87' title='bbox 559 1607 622 1666; x_wconf 86' lang='lat' dir='ltr'>sace</span> 
     </span>
    </p>

    <p class='ocr_par' dir='ltr' id='par_1_12' title="bbox 108 1688 835 1939">
     <span class='ocr_line' id='line_1_17' title="bbox 108 1688 835 1768; baseline 0.003 -19"><span class='ocrx_word' id='word_1_88' title='bbox 108 1688 304 1767; x_wconf 76' lang='lat' dir='ltr'>thalamisque</span> <span class='ocrx_word' id='word_1_89' title='bbox 319 1689 450 1767; x_wconf 84' lang='lat' dir='ltr'>Megara:</span> <span class='ocrx_word' id='word_1_90' title='bbox 472 1689 560 1751; x_wconf 90' lang='lat' dir='ltr'>ducet</span> <span class='ocrx_word' id='word_1_91' title='bbox 576 1709 592 1751; x_wconf 87' lang='lat' dir='ltr'>c</span> <span class='ocrx_word' id='word_1_92' title='bbox 609 1707 718 1768; x_wconf 89' lang='lat' dir='ltr'>genere</span> <span class='ocrx_word' id='word_1_93' title='bbox 734 1690 835 1752; x_wconf 89' lang='lat' dir='ltr'>inclito</span> 
     </span>
     <span class='ocr_line' id='line_1_18' title="bbox 110 1774 829 1855; baseline 0.003 -20"><span class='ocrx_word' id='word_1_94' title='bbox 110 1775 222 1835; x_wconf 86' lang='lat' dir='ltr'>novitas</span> <span class='ocrx_word' id='word_1_95' title='bbox 238 1776 365 1834; x_wconf 91' lang='lat' dir='ltr'>colorem</span> <span class='ocrx_word' id='word_1_96' title='bbox 382 1783 492 1836; x_wconf 93' lang='lat' dir='ltr'>nostra.</span> <span class='ocrx_word' id='word_1_97' title='bbox 529 1792 589 1835; x_wconf 93' lang='lat' dir='ltr'>non</span> <span class='ocrx_word' id='word_1_98' title='bbox 607 1774 744 1855; x_wconf 89' lang='lat' dir='ltr'>equidem</span> <span class='ocrx_word' id='word_1_99' title='bbox 759 1795 829 1837; x_wconf 89' lang='lat' dir='ltr'>reor</span> 
     </span>
     <span class='ocr_line' id='line_1_19' title="bbox 109 1860 750 1939; baseline 0.002 -20"><span class='ocrx_word' id='word_1_100' title='bbox 109 1860 173 1920; x_wconf 85' lang='lat' dir='ltr'>fore</span> <span class='ocrx_word' id='word_1_101' title='bbox 189 1866 222 1920; x_wconf 94' lang='lat' dir='ltr'>ut</span> <span class='ocrx_word' id='word_1_102' title='bbox 237 1868 354 1921; x_wconf 89' lang='lat' dir='ltr'>recuset</span> <span class='ocrx_word' id='word_1_103' title='bbox 369 1878 403 1920; x_wconf 90' lang='lat' dir='ltr'>ac</span> <span class='ocrx_word' id='word_1_104' title='bbox 417 1878 500 1920; x_wconf 88' lang='lat' dir='ltr'>meos</span> <span class='ocrx_word' id='word_1_105' title='bbox 515 1867 636 1939; x_wconf 89' lang='lat' dir='ltr'>spernat</span> <span class='ocrx_word' id='word_1_106' title='bbox 650 1867 750 1935; x_wconf 92' lang='lat' dir='ltr'>toros;</span> 
     </span>
    </p>

    <p class='ocr_par' dir='ltr' id='par_1_13' title="bbox 109 1943 798 2024">
     <span class='ocr_line' id='line_1_20' title="bbox 109 1943 798 2024; baseline 0.004 -20"><span class='ocrx_word' id='word_1_107' title='bbox 109 1943 188 2023; x_wconf 93' lang='lat' dir='ltr'>quod</span> <span class='ocrx_word' id='word_1_108' title='bbox 205 1944 229 2005; x_wconf 91' lang='lat' dir='ltr'>si</span> <span class='ocrx_word' id='word_1_109' title='bbox 245 1944 400 2024; x_wconf 81' lang='lat' dir='ltr'>impotenti</span> <span class='ocrx_word' id='word_1_110' title='bbox 416 1944 550 2024; x_wconf 83' lang='lat' dir='ltr'>pertinax</span> <span class='ocrx_word' id='word_1_111' title='bbox 566 1945 664 2005; x_wconf 90' lang='lat' dir='ltr'>animo</span> <span class='ocrx_word' id='word_1_112' title='bbox 680 1945 798 2023; x_wconf 85' lang='lat' dir='ltr'>abnuet,</span> 
     </span>
    </p>

    <p class='ocr_par' dir='ltr' id='par_1_14' title="bbox 109 2028 889 2196">
     <span class='ocr_line' id='line_1_21' title="bbox 109 2028 889 2109; baseline 0 -18"><span class='ocrx_word' id='word_1_113' title='bbox 109 2039 166 2091; x_wconf 86' lang='lat' dir='ltr'>stat</span> <span class='ocrx_word' id='word_1_114' title='bbox 181 2029 286 2090; x_wconf 86' lang='lat' dir='ltr'>tollore</span> <span class='ocrx_word' id='word_1_115' title='bbox 302 2047 418 2090; x_wconf 93' lang='lat' dir='ltr'>omnem</span> <span class='ocrx_word' id='word_1_116' title='bbox 435 2030 556 2109; x_wconf 91' lang='lat' dir='ltr'>penitus</span> <span class='ocrx_word' id='word_1_117' title='bbox 571 2028 744 2093; x_wconf 83' lang='lat' dir='ltr'>Herculeam</span> <span class='ocrx_word' id='word_1_118' title='bbox 761 2030 889 2093; x_wconf 92' lang='lat' dir='ltr'>domum.</span> 
     </span>
     <span class='ocr_line' id='line_1_22' title="bbox 109 2113 824 2196; baseline 0 -21"><span class='ocrx_word' id='word_1_119' title='bbox 109 2114 219 2176; x_wconf 87' lang='lat' dir='ltr'>invidia</span> <span class='ocrx_word' id='word_1_120' title='bbox 232 2115 340 2175; x_wconf 83' lang='lat' dir='ltr'>lactum</span> <span class='ocrx_word' id='word_1_121' title='bbox 357 2133 392 2176; x_wconf 88' lang='lat' dir='ltr'>ac</span> <span class='ocrx_word' id='word_1_122' title='bbox 404 2133 503 2176; x_wconf 89' lang='lat' dir='ltr'>sermo</span> <span class='ocrx_word' id='word_1_123' title='bbox 519 2115 671 2195; x_wconf 90' lang='lat' dir='ltr'>popularis</span> <span class='ocrx_word' id='word_1_124' title='bbox 686 2113 824 2196; x_wconf 78' lang='lat' dir='ltr'>premet?</span> 
     </span>
    </p>

    <p class='ocr_par' dir='ltr' id='par_1_15' title="bbox 109 2199 804 2451">
     <span class='ocr_line' id='line_1_23' title="bbox 109 2199 804 2281; baseline 0.001 -20"><span class='ocrx_word' id='word_1_125' title='bbox 109 2218 157 2261; x_wconf 90' lang='lat' dir='ltr'>ars</span> <span class='ocrx_word' id='word_1_126' title='bbox 173 2199 268 2278; x_wconf 91' lang='lat' dir='ltr'>prima</span> <span class='ocrx_word' id='word_1_127' title='bbox 282 2199 367 2278; x_wconf 87' lang='lat' dir='ltr'>regni</span> <span class='ocrx_word' id='word_1_128' title='bbox 384 2208 429 2262; x_wconf 91' lang='lat' dir='ltr'>est</span> <span class='ocrx_word' id='word_1_129' title='bbox 442 2219 531 2281; x_wconf 88' lang='lat' dir='ltr'>posse</span> <span class='ocrx_word' id='word_1_130' title='bbox 548 2199 717 2263; x_wconf 75' lang='lat' dir='ltr'>linridiam</span> <span class='ocrx_word' id='word_1_131' title='bbox 733 2200 804 2281; x_wconf 92' lang='lat' dir='ltr'>pati.</span> 
     </span>
     <span class='ocr_line' id='line_1_24' title="bbox 110 2284 800 2365; baseline 0.003 -19"><span class='ocrx_word' id='word_1_132' title='bbox 110 2292 288 2365; x_wconf 85' lang='lat' dir='ltr'>temptemus</span> <span class='ocrx_word' id='word_1_133' title='bbox 303 2284 403 2362; x_wconf 87' lang='lat' dir='ltr'>igitur,</span> <span class='ocrx_word' id='word_1_134' title='bbox 418 2287 481 2347; x_wconf 84' lang='lat' dir='ltr'>sors</span> <span class='ocrx_word' id='word_1_135' title='bbox 496 2285 576 2347; x_wconf 87' lang='lat' dir='ltr'>dedit</span> <span class='ocrx_word' id='word_1_136' title='bbox 589 2285 676 2347; x_wconf 91' lang='lat' dir='ltr'>nobis</span> <span class='ocrx_word' id='word_1_137' title='bbox 691 2287 800 2348; x_wconf 90' lang='lat' dir='ltr'>locum.</span> 
     </span>
     <span class='ocr_line' id='line_1_25' title="bbox 111 2369 771 2451; baseline 0.005 -20"><span class='ocrx_word' id='word_1_138' title='bbox 111 2388 240 2450; x_wconf 90' lang='lat' dir='ltr'>namque</span> <span class='ocrx_word' id='word_1_139' title='bbox 255 2370 329 2448; x_wconf 88' lang='lat' dir='ltr'>ipsa,</span> <span class='ocrx_word' id='word_1_140' title='bbox 344 2369 421 2431; x_wconf 88' lang='lat' dir='ltr'>tristi</span> <span class='ocrx_word' id='word_1_141' title='bbox 437 2371 526 2432; x_wconf 88' lang='lat' dir='ltr'>vestis</span> <span class='ocrx_word' id='word_1_142' title='bbox 541 2371 665 2433; x_wconf 92' lang='lat' dir='ltr'>obtentu</span> <span class='ocrx_word' id='word_1_143' title='bbox 683 2381 771 2451; x_wconf 91' lang='lat' dir='ltr'>caput</span> 
     </span>
    </p>

    <p class='ocr_par' dir='ltr' id='par_1_16' title="bbox 110 2455 644 2534">
     <span class='ocr_line' id='line_1_26' title="bbox 110 2455 644 2534; baseline 0.006 -19"><span class='ocrx_word' id='word_1_144' title='bbox 110 2456 211 2531; x_wconf 85' lang='lat' dir='ltr'>relata,</span> <span class='ocrx_word' id='word_1_145' title='bbox 228 2456 306 2515; x_wconf 86' lang='lat' dir='ltr'>iuxta</span> <span class='ocrx_word' id='word_1_146' title='bbox 321 2455 471 2534; x_wconf 89' lang='lat' dir='ltr'>praesides</span> <span class='ocrx_word' id='word_1_147' title='bbox 485 2465 559 2518; x_wconf 88' lang='lat' dir='ltr'>astat</span> <span class='ocrx_word' id='word_1_148' title='bbox 574 2456 644 2518; x_wconf 90' lang='lat' dir='ltr'>deos</span> 
     </span>
    </p>

    <p class='ocr_par' dir='ltr' id='par_1_17' title="bbox 110 2540 745 2619">
     <span class='ocr_line' id='line_1_27' title="bbox 110 2540 745 2619; baseline 0.003 -18"><span class='ocrx_word' id='word_1_149' title='bbox 110 2541 255 2619; x_wconf 90' lang='lat' dir='ltr'>laterique</span> <span class='ocrx_word' id='word_1_150' title='bbox 271 2540 408 2601; x_wconf 92' lang='lat' dir='ltr'>adhaeret</span> <span class='ocrx_word' id='word_1_151' title='bbox 421 2559 508 2601; x_wconf 87' lang='lat' dir='ltr'>verus</span> <span class='ocrx_word' id='word_1_152' title='bbox 524 2542 642 2604; x_wconf 76' lang='lat' dir='ltr'>Alcidae</span> <span class='ocrx_word' id='word_1_153' title='bbox 657 2549 745 2603; x_wconf 90' lang='lat' dir='ltr'>sator.</span> 
     </span>
    </p>

    <p class='ocr_par' dir='ltr' id='par_1_18' title="bbox 111 2625 991 2874">
     <span class='ocr_line' id='line_1_28' title="bbox 112 2625 962 2708; baseline 0.004 -22"><span class='ocrx_word' id='word_1_154' title='bbox 112 2645 181 2688; x_wconf 82' lang='lat' dir='ltr'>unc.</span> <span class='ocrx_word' id='word_1_155' title='bbox 217 2625 362 2696; x_wconf 86' lang='lat' dir='ltr'>Quidnam</span> <span class='ocrx_word' id='word_1_156' title='bbox 378 2625 442 2701; x_wconf 83' lang='lat' dir='ltr'>iste,</span> <span class='ocrx_word' id='word_1_157' title='bbox 459 2627 554 2687; x_wconf 88' lang='lat' dir='ltr'>nostri</span> <span class='ocrx_word' id='word_1_158' title='bbox 569 2626 687 2708; x_wconf 86' lang='lat' dir='ltr'>generis</span> <span class='ocrx_word' id='word_1_159' title='bbox 704 2627 824 2689; x_wconf 83' lang='lat' dir='ltr'>exitium</span> <span class='ocrx_word' id='word_1_160' title='bbox 840 2646 874 2688; x_wconf 89' lang='lat' dir='ltr'>ac</span> <span class='ocrx_word' id='word_1_161' title='bbox 888 2627 962 2704; x_wconf 80' lang='lat' dir='ltr'>luce,</span> 
     </span>
     <span class='ocr_line' id='line_1_29' title="bbox 113 2708 991 2791; baseline 0.003 -20"><span class='ocrx_word' id='word_1_162' title='bbox 113 2712 180 2771; x_wconf 85' lang='lat' dir='ltr'>novi</span> <span class='ocrx_word' id='word_1_163' title='bbox 196 2708 300 2790; x_wconf 76' lang='lat' dir='ltr'>parat?</span> <span class='ocrx_word' id='word_1_164' title='bbox 323 2711 394 2789; x_wconf 90' lang='lat' dir='ltr'>quid</span> <span class='ocrx_word' id='word_1_165' title='bbox 410 2708 554 2791; x_wconf 85' lang='lat' dir='ltr'>temptat?</span> <span class='ocrx_word' id='word_1_166' title='bbox 604 2732 668 2774; x_wconf 82' lang='lat' dir='ltr'>nra.</span> <span class='ocrx_word' id='word_1_167' title='bbox 700 2712 724 2774; x_wconf 89' lang='lat'>0</span> <span class='ocrx_word' id='word_1_168' title='bbox 744 2713 855 2775; x_wconf 87' lang='lat' dir='ltr'>clarum</span> <span class='ocrx_word' id='word_1_169' title='bbox 871 2713 991 2775; x_wconf 89' lang='lat' dir='ltr'>trahens</span> 
     </span>
     <span class='ocr_line' id='line_1_30' title="bbox 111 2796 655 2874; baseline 0.002 -17"><span class='ocrx_word' id='word_1_170' title='bbox 111 2816 128 2857; x_wconf 89' lang='lat' dir='ltr'>a</span> <span class='ocrx_word' id='word_1_171' title='bbox 143 2797 236 2874; x_wconf 90' lang='lat' dir='ltr'>stirpe</span> <span class='ocrx_word' id='word_1_172' title='bbox 251 2813 361 2857; x_wconf 91' lang='lat' dir='ltr'>nomen</span> <span class='ocrx_word' id='word_1_173' title='bbox 376 2797 466 2874; x_wconf 85' lang='lat' dir='ltr'>regia,</span> <span class='ocrx_word' id='word_1_174' title='bbox 483 2796 576 2857; x_wconf 89' lang='lat' dir='ltr'>lacilis</span> <span class='ocrx_word' id='word_1_175' title='bbox 590 2816 655 2858; x_wconf 89' lang='lat' dir='ltr'>mea</span> 
     </span>
    </p>

    <p class='ocr_par' dir='ltr' id='par_1_19' title="bbox 112 2881 725 2963">
     <span class='ocr_line' id='line_1_31' title="bbox 112 2881 725 2963; baseline -0.003 -20"><span class='ocrx_word' id='word_1_176' title='bbox 112 2898 274 2960; x_wconf 87' lang='lat' dir='ltr'>parumper</span> <span class='ocrx_word' id='word_1_177' title='bbox 288 2899 360 2942; x_wconf 87' lang='lat' dir='ltr'>aure</span> <span class='ocrx_word' id='word_1_178' title='bbox 374 2881 461 2942; x_wconf 88' lang='lat' dir='ltr'>verba</span> <span class='ocrx_word' id='word_1_179' title='bbox 476 2881 597 2961; x_wconf 88' lang='lat' dir='ltr'>patienti</span> <span class='ocrx_word' id='word_1_180' title='bbox 614 2882 725 2963; x_wconf 83' lang='lat' dir='ltr'>excipe.</span> 
     </span>
    </p>

    <p class='ocr_par' dir='ltr' id='par_1_20' title="bbox 112 2966 755 3046">
     <span class='ocr_line' id='line_1_32' title="bbox 112 2966 755 3046; baseline 0.002 -20"><span class='ocrx_word' id='word_1_181' title='bbox 112 2966 137 3026; x_wconf 92' lang='lat' dir='ltr'>si</span> <span class='ocrx_word' id='word_1_182' title='bbox 153 2974 270 3027; x_wconf 89' lang='lat' dir='ltr'>aeterna</span> <span class='ocrx_word' id='word_1_183' title='bbox 286 2984 404 3045; x_wconf 89' lang='lat' dir='ltr'>semper</span> <span class='ocrx_word' id='word_1_184' title='bbox 418 2967 483 3027; x_wconf 92' lang='lat' dir='ltr'>odia</span> <span class='ocrx_word' id='word_1_185' title='bbox 498 2967 636 3030; x_wconf 89' lang='lat' dir='ltr'>mortales</span> <span class='ocrx_word' id='word_1_186' title='bbox 652 2975 755 3046; x_wconf 85' lang='lat' dir='ltr'>gerant</span> 
     </span>
    </p>

    <p class='ocr_par' dir='ltr' id='par_1_21' title="bbox 112 3052 842 3132">
     <span class='ocr_line' id='line_1_33' title="bbox 112 3052 842 3132; baseline 0.001 -21"><span class='ocrx_word' id='word_1_187' title='bbox 112 3070 169 3113; x_wconf 89' lang='lat' dir='ltr'>nec</span> <span class='ocrx_word' id='word_1_188' title='bbox 184 3058 307 3130; x_wconf 89' lang='lat' dir='ltr'>coeptus</span> <span class='ocrx_word' id='word_1_189' title='bbox 322 3070 463 3132; x_wconf 87' lang='lat' dir='ltr'>umquam</span> <span class='ocrx_word' id='word_1_190' title='bbox 479 3053 562 3114; x_wconf 90' lang='lat' dir='ltr'>cedat</span> <span class='ocrx_word' id='word_1_191' title='bbox 578 3072 613 3114; x_wconf 87' lang='lat' dir='ltr'>ex</span> <span class='ocrx_word' id='word_1_192' title='bbox 628 3053 733 3114; x_wconf 90' lang='lat' dir='ltr'>animis</span> <span class='ocrx_word' id='word_1_193' title='bbox 747 3052 842 3130; x_wconf 81' lang='lat' dir='ltr'>furor,</span> 
     </span>
    </p>
   </div>
   <div class='ocr_carea' id='block_1_4' title="bbox 113 3136 681 3218">
    <p class='ocr_par' dir='ltr' id='par_1_22' title="bbox 113 3136 681 3218">
     <span class='ocr_line' id='line_1_34' title="bbox 113 3136 681 3218; baseline 0.007 -23"><span class='ocrx_word' id='word_1_194' title='bbox 113 3136 163 3196; x_wconf 89' lang='lat' dir='ltr'>sed</span> <span class='ocrx_word' id='word_1_195' title='bbox 180 3154 260 3196; x_wconf 87' lang='lat' dir='ltr'>arma</span> <span class='ocrx_word' id='word_1_196' title='bbox 274 3136 342 3197; x_wconf 84' lang='lat' dir='ltr'>felix</span> <span class='ocrx_word' id='word_1_197' title='bbox 358 3146 457 3199; x_wconf 91' lang='lat' dir='ltr'>teneat</span> <span class='ocrx_word' id='word_1_198' title='bbox 472 3137 572 3199; x_wconf 83' lang='lat' dir='ltr'>inlelix</span> <span class='ocrx_word' id='word_1_199' title='bbox 588 3146 681 3218; x_wconf 85' lang='lat' dir='ltr'>paret,</span> 
     </span>
    </p>
   </div>
   <div class='ocr_carea' id='block_1_5' title="bbox 112 3287 1189 3355">
    <p class='ocr_par' dir='ltr' id='par_1_23' title="bbox 112 3287 1189 3355">
     <span class='ocr_line' id='line_1_35' title="bbox 112 3287 1189 3355; baseline -0.003 -16"><span class='ocrx_word' id='word_1_200' title='bbox 112 3291 140 3339; x_wconf 87' lang='lat' dir='ltr'>et</span> <span class='ocrx_word' id='word_1_201' title='bbox 156 3288 217 3339; x_wconf 88' lang='lat' dir='ltr'>bina</span> <span class='ocrx_word' id='word_1_202' title='bbox 235 3287 335 3338; x_wconf 86' lang='lat' dir='ltr'>findens</span> <span class='ocrx_word' id='word_1_203' title='bbox 352 3287 462 3339; x_wconf 90' lang='lat' dir='ltr'>isthmos</span> <span class='ocrx_word' id='word_1_204' title='bbox 479 3287 554 3339; x_wconf 88' lang='lat' dir='ltr'>exilis</span> <span class='ocrx_word' id='word_1_205' title='bbox 571 3287 636 3341; x_wconf 81' lang='lat' dir='ltr'>treta</span> <span class='ocrx_word' id='word_1_206' title='bbox 768 3351 770 3355; x_wconf 23' lang='grc' dir='ltr'>Ι</span> <span class='ocrx_word' id='word_1_207' title='bbox 1147 3294 1189 3337; x_wconf 76' lang='grc'>333</span> 
     </span>
    </p>
   </div>
   <div class='ocr_carea' id='block_1_6' title="bbox 113 3418 1191 4035">
    <p class='ocr_par' dir='ltr' id='par_1_24' title="bbox 113 3418 1191 4035">
     <span class='ocr_line' id='line_1_36' title="bbox 200 3418 1190 3488; baseline -0.003 -15"><span class='ocrx_word' id='word_1_208' title='bbox 200 3424 335 3474; x_wconf 79' lang='lat' dir='ltr'>aaa-336</span> <span class='ocrx_word' id='word_1_209' title='bbox 353 3422 482 3488; x_wconf 78' lang='lat' dir='ltr'>Megaran</span> <span class='ocrx_word' id='word_1_210' title='bbox 500 3425 694 3474; x_wconf 77' lang='lat' dir='ltr'>continuantur</span> <span class='ocrx_word' id='word_1_211' title='bbox 705 3423 730 3474; x_wconf 81' lang='lat' dir='ltr'><em>A</em></span> <span class='ocrx_word' id='word_1_212' title='bbox 799 3424 848 3476; x_wconf 80' lang='lat'>332</span> <span class='ocrx_word' id='word_1_213' title='bbox 866 3420 949 3472; x_wconf 82' lang='lat' dir='ltr'>urbis:</span> <span class='ocrx_word' id='word_1_214' title='bbox 967 3418 976 3470; x_wconf 91' lang='lat' dir='ltr'>i</span> <span class='ocrx_word' id='word_1_215' title='bbox 992 3419 1010 3471; x_wconf 87' lang='lat'><strong><em>2</em></strong></span> <span class='ocrx_word' id='word_1_216' title='bbox 1027 3435 1061 3473; x_wconf 85' lang='lat' dir='ltr'>m.</span> <span class='ocrx_word' id='word_1_217' title='bbox 1080 3434 1115 3469; x_wconf 73' lang='lat' dir='ltr'>aa</span> <span class='ocrx_word' id='word_1_218' title='bbox 1132 3430 1147 3471; x_wconf 84' lang='lat' dir='ltr'>e</span> <span class='ocrx_word' id='word_1_219' title='bbox 1164 3419 1190 3470; x_wconf 83' lang='lat' dir='ltr'><em>E</em></span> 
     </span>
     <span class='ocr_line' id='line_1_37' title="bbox 114 3489 1190 3556; baseline -0.004 -14"><span class='ocrx_word' id='word_1_220' title='bbox 114 3492 163 3543; x_wconf 89' lang='grc'>333</span> <span class='ocrx_word' id='word_1_221' title='bbox 181 3489 301 3542; x_wconf 73' lang='grc' dir='ltr'>ιιὶιειεΕ</span> <span class='ocrx_word' id='word_1_222' title='bbox 370 3493 565 3556; x_wconf 73' lang='lat' dir='ltr'>tenpestate</span> <span class='ocrx_word' id='word_1_223' title='bbox 583 3491 608 3541; x_wconf 84' lang='grc' dir='ltr'><em>Ε</em></span> <span class='ocrx_word' id='word_1_224' title='bbox 667 3493 718 3544; x_wconf 89' lang='grc'>336</span> <span class='ocrx_word' id='word_1_225' title='bbox 736 3490 833 3541; x_wconf 78' lang='lat' dir='ltr'>delevit</span> <span class='ocrx_word' id='word_1_226' title='bbox 850 3489 977 3554; x_wconf 79' lang='lat' dir='ltr'>Paiperur</span> <span class='ocrx_word' id='word_1_227' title='bbox 1037 3489 1086 3540; x_wconf 75' lang='grc'>333</span> <span class='ocrx_word' id='word_1_228' title='bbox 1106 3503 1190 3539; x_wconf 82' lang='lat' dir='ltr'>nooao</span> 
     </span>
     <span class='ocr_line' id='line_1_38' title="bbox 113 3557 1189 3626; baseline 0 -18"><span class='ocrx_word' id='word_1_229' title='bbox 113 3574 226 3610; x_wconf 76' lang='lat' dir='ltr'>scaenae</span> <span class='ocrx_word' id='word_1_230' title='bbox 244 3558 327 3625; x_wconf 80' lang='lat' dir='ltr'>Lycus</span> <span class='ocrx_word' id='word_1_231' title='bbox 345 3557 448 3625; x_wconf 79' lang='lat' dir='ltr'>Megara</span> <span class='ocrx_word' id='word_1_232' title='bbox 463 3558 634 3626; x_wconf 80' lang='lat' dir='ltr'>Amphitryon</span> <span class='ocrx_word' id='word_1_233' title='bbox 658 3560 816 3610; x_wconf 79' lang='lat' dir='ltr'>inscribitur</span> <span class='ocrx_word' id='word_1_234' title='bbox 833 3558 858 3608; x_wconf 82' lang='lat' dir='ltr'><em>A</em></span> <span class='ocrx_word' id='word_1_235' title='bbox 933 3557 982 3608; x_wconf 91' lang='grc'>341</span> <span class='ocrx_word' id='word_1_236' title='bbox 1003 3561 1067 3622; x_wconf 77' lang='lat' dir='ltr'>post</span> <span class='ocrx_word' id='word_1_237' title='bbox 1083 3558 1189 3623; x_wconf 88' lang='lat' dir='ltr'>rapta1</span> 
     </span>
     <span class='ocr_line' id='line_1_39' title="bbox 114 3622 1190 3691; baseline 0 -15"><span class='ocrx_word' id='word_1_238' title='bbox 114 3626 154 3679; x_wconf 82' lang='lat' dir='ltr'>lit.</span> <span class='ocrx_word' id='word_1_239' title='bbox 173 3643 251 3677; x_wconf 80' lang='lat' dir='ltr'>orosa</span> <span class='ocrx_word' id='word_1_240' title='bbox 269 3625 294 3676; x_wconf 80' lang='lat' dir='ltr'><em>E</em></span> <span class='ocrx_word' id='word_1_241' title='bbox 346 3629 396 3679; x_wconf 89' lang='grc'>343</span> <span class='ocrx_word' id='word_1_242' title='bbox 413 3630 501 3679; x_wconf 87' lang='lat' dir='ltr'>tenere</span> <span class='ocrx_word' id='word_1_243' title='bbox 518 3631 558 3681; x_wconf 87' lang='lat' dir='ltr'>te:</span> <span class='ocrx_word' id='word_1_244' title='bbox 576 3642 603 3678; x_wconf 87' lang='lat' dir='ltr'>re</span> <span class='ocrx_word' id='word_1_245' title='bbox 621 3632 647 3677; x_wconf 90' lang='lat' dir='ltr'>te</span> <span class='ocrx_word' id='word_1_246' title='bbox 665 3643 742 3691; x_wconf 65' lang='lat' dir='ltr'>orae„</span> <span class='ocrx_word' id='word_1_247' title='bbox 759 3629 777 3677; x_wconf 84' lang='lat' dir='ltr'>i.</span> <span class='ocrx_word' id='word_1_248' title='bbox 788 3641 842 3677; x_wconf 78' lang='lat' dir='ltr'>ror.</span> <span class='ocrx_word' id='word_1_249' title='bbox 862 3628 903 3676; x_wconf 90' lang='lat' dir='ltr'>tur</span> <span class='ocrx_word' id='word_1_250' title='bbox 919 3622 1017 3676; x_wconf 68' lang='lat' dir='ltr'>amu</span> <span class='ocrx_word' id='word_1_251' title='bbox 1033 3625 1145 3689; x_wconf 84' lang='lat' dir='ltr'>(tenetur</span> <span class='ocrx_word' id='word_1_252' title='bbox 1161 3629 1190 3691; x_wconf 88' lang='grc' dir='ltr'>ς)</span> 
     </span>
     <span class='ocr_line' id='line_1_40' title="bbox 113 3690 1191 3773; baseline -0.002 -27"><span class='ocrx_word' id='word_1_253' title='bbox 113 3697 164 3748; x_wconf 79' lang='grc'>345</span> <span class='ocrx_word' id='word_1_254' title='bbox 187 3694 261 3745; x_wconf 92' lang='lat' dir='ltr'>hant:</span> <span class='ocrx_word' id='word_1_255' title='bbox 284 3693 301 3744; x_wconf 96' lang='lat' dir='ltr'>h</span> <span class='ocrx_word' id='word_1_256' title='bbox 326 3694 387 3746; x_wconf 84' lang='lat' dir='ltr'>add.</span> <span class='ocrx_word' id='word_1_257' title='bbox 405 3694 423 3746; x_wconf 86' lang='lat'><em>2</em></span> <span class='ocrx_word' id='word_1_258' title='bbox 440 3711 474 3748; x_wconf 84' lang='lat' dir='ltr'>m.</span> <span class='ocrx_word' id='word_1_259' title='bbox 492 3695 517 3745; x_wconf 78' lang='lat' dir='ltr'>u</span> <span class='ocrx_word' id='word_1_260' title='bbox 587 3696 636 3748; x_wconf 77' lang='grc'>343</span> <span class='ocrx_word' id='word_1_261' title='bbox 660 3693 779 3746; x_wconf 81' lang='lat' dir='ltr'>thalamis</span> <span class='ocrx_word' id='word_1_262' title='bbox 802 3692 921 3759; x_wconf 83' lang='lat' dir='ltr'>Maegera</span> <span class='ocrx_word' id='word_1_263' title='bbox 942 3690 1018 3744; x_wconf 89' lang='lat' dir='ltr'>ducet</span> <span class='ocrx_word' id='word_1_264' title='bbox 1040 3696 1066 3745; x_wconf 87' lang='lat' dir='ltr'>et</span> <span class='ocrx_word' id='word_1_265' title='bbox 1088 3709 1113 3773; x_wconf 84' lang='lat' dir='ltr'>g.</span> <span class='ocrx_word' id='word_1_266' title='bbox 1131 3693 1148 3746; x_wconf 92' lang='lat' dir='ltr'>i.</span> <span class='ocrx_word' id='word_1_267' title='bbox 1166 3693 1191 3744; x_wconf 74' lang='lat' dir='ltr'>M</span> 
     </span>
     <span class='ocr_line' id='line_1_41' title="bbox 114 3758 1190 3830; baseline -0.001 -16"><span class='ocrx_word' id='word_1_268' title='bbox 114 3766 164 3814; x_wconf 83' lang='grc'>352</span> <span class='ocrx_word' id='word_1_269' title='bbox 182 3763 276 3814; x_wconf 83' lang='lat' dir='ltr'>fastum</span> <span class='ocrx_word' id='word_1_270' title='bbox 287 3763 312 3813; x_wconf 86' lang='lat' dir='ltr'><em>A</em></span> <span class='ocrx_word' id='word_1_271' title='bbox 381 3765 430 3816; x_wconf 85' lang='grc'>353</span> <span class='ocrx_word' id='word_1_272' title='bbox 449 3778 526 3830; x_wconf 86' lang='lat' dir='ltr'>posse</span> <span class='ocrx_word' id='word_1_273' title='bbox 543 3761 666 3814; x_wconf 86' lang='lat' dir='ltr'>invidiam</span> <span class='ocrx_word' id='word_1_274' title='bbox 684 3762 743 3813; x_wconf 83' lang='grc' dir='ltr'>ΕΑ</span> <span class='ocrx_word' id='word_1_275' title='bbox 760 3765 822 3830; x_wconf 83' lang='lat' dir='ltr'>pte</span> <span class='ocrx_word' id='word_1_276' title='bbox 840 3760 883 3811; x_wconf 82' lang='lat' dir='ltr'>ool</span> <span class='ocrx_word' id='word_1_277' title='bbox 898 3758 931 3811; x_wconf 90' lang='lat' dir='ltr'>ad</span> <span class='ocrx_word' id='word_1_278' title='bbox 947 3759 1031 3826; x_wconf 59' lang='lat' dir='ltr'>inus·</span> <span class='ocrx_word' id='word_1_279' title='bbox 1048 3778 1075 3830; x_wconf 89' lang='lat' dir='ltr'>p.</span> <span class='ocrx_word' id='word_1_280' title='bbox 1093 3776 1120 3812; x_wconf 91' lang='grc' dir='ltr'>ιιι</span> <span class='ocrx_word' id='word_1_281' title='bbox 1137 3761 1190 3814; x_wconf 87' lang='lat' dir='ltr'>inv.</span> 
     </span>
     <span class='ocr_line' id='line_1_42' title="bbox 115 3827 1190 3898; baseline 0.001 -17"><span class='ocrx_word' id='word_1_282' title='bbox 115 3829 262 3882; x_wconf 79' lang='lat' dir='ltr'>Richter-ur.</span> <span class='ocrx_word' id='word_1_283' title='bbox 291 3846 360 3896; x_wconf 83' lang='lat' dir='ltr'>quoe</span> <span class='ocrx_word' id='word_1_284' title='bbox 379 3835 507 3897; x_wconf 83' lang='lat' dir='ltr'>temptaui</span> <span class='ocrx_word' id='word_1_285' title='bbox 524 3830 629 3897; x_wconf 75' lang='lat' dir='ltr'>duplici</span> <span class='ocrx_word' id='word_1_286' title='bbox 645 3834 752 3883; x_wconf 80' lang='lat' dir='ltr'>rationo</span> <span class='ocrx_word' id='word_1_287' title='bbox 765 3827 1040 3896; x_wconf 77' lang='lat' dir='ltr'>comprehenduntur:</span> <span class='ocrx_word' id='word_1_288' title='bbox 1058 3844 1135 3898; x_wconf 80' lang='lat' dir='ltr'>posse</span> <span class='ocrx_word' id='word_1_289' title='bbox 1147 3845 1190 3882; x_wconf 82' lang='lat' dir='ltr'>ru-</span> 
     </span>
     <span class='ocr_line' id='line_1_43' title="bbox 115 3896 1191 3967; baseline 0 -17"><span class='ocrx_word' id='word_1_290' title='bbox 115 3912 198 3951; x_wconf 86' lang='lat' dir='ltr'>mores</span> <span class='ocrx_word' id='word_1_291' title='bbox 216 3898 283 3966; x_wconf 82' lang='lat' dir='ltr'>pati3</span> <span class='ocrx_word' id='word_1_292' title='bbox 309 3899 392 3967; x_wconf 87' lang='lat' dir='ltr'>plebis</span> <span class='ocrx_word' id='word_1_293' title='bbox 409 3899 533 3951; x_wconf 81' lang='lat' dir='ltr'>invidiam</span> <span class='ocrx_word' id='word_1_294' title='bbox 549 3898 604 3967; x_wconf 87' lang='lat' dir='ltr'>pati</span> <span class='ocrx_word' id='word_1_295' title='bbox 674 3901 724 3953; x_wconf 86' lang='grc'>354</span> <span class='ocrx_word' id='word_1_296' title='bbox 748 3899 833 3952; x_wconf 88' lang='lat' dir='ltr'>locum</span> <span class='ocrx_word' id='word_1_297' title='bbox 849 3896 960 3951; x_wconf 79' lang='lat' dir='ltr'>nobnlr</span> <span class='ocrx_word' id='word_1_298' title='bbox 1029 3901 1078 3954; x_wconf 88' lang='grc'>356</span> <span class='ocrx_word' id='word_1_299' title='bbox 1097 3913 1149 3950; x_wconf 86' lang='lat' dir='ltr'>om.</span> <span class='ocrx_word' id='word_1_300' title='bbox 1165 3898 1191 3950; x_wconf 79' lang='lat' dir='ltr'>ll</span> 
     </span>
     <span class='ocr_line' id='line_1_44' title="bbox 115 3967 439 4035; baseline 0 -16"><span class='ocrx_word' id='word_1_301' title='bbox 115 3969 164 4021; x_wconf 84' lang='grc'>362</span> <span class='ocrx_word' id='word_1_302' title='bbox 182 3967 303 4020; x_wconf 86' lang='lat' dir='ltr'>mortales</span> <span class='ocrx_word' id='word_1_303' title='bbox 319 3972 397 4035; x_wconf 89' lang='lat' dir='ltr'>agant</span> <span class='ocrx_word' id='word_1_304' title='bbox 414 3969 439 4019; x_wconf 88' lang='lat' dir='ltr'><em>A</em></span> 
     </span>
    </p>
   </div>
   <div class='ocr_carea' id='block_1_7' title="bbox 0 0 1318 4380">
    <p class='ocr_par' dir='ltr' id='par_1_25' title="bbox 0 0 1318 4380">
     <span class='ocr_line' id='line_1_45' title="bbox 0 0 1318 4380; baseline 0 0"><span class='ocrx_word' id='word_1_305' title='bbox 0 0 1318 4380; x_wconf 95' lang='lat' dir='ltr'> </span> 
     </span>
    </p>
   </div>
  </div>
 </body>
</html>
