2580 4366
463 241 608 284 unucvnns
630 225 780 302 [cumnis]

63 409 136 470 sega
159 409 210 452 vos
232 391 364 471 tyrannis
388 392 507 469 regibus
529 392 669 453 monstris
691 393 762 454 seris

81 475 233 556 saevisque
256 484 340 556 rapto
364 476 477 538 vindice
500 475 627 555 opposui
651 477 723 538 deis.

82 579 189 634 cessas
213 560 357 622 Tonantis
379 558 481 622 socia‘l
508 579 568 621 non
591 561 705 639 spargis
728 563 819 623 lacem

81 646 191 707 imitata
213 646 333 708 tratrem
356 655 386 706 et
407 646 500 708 mittis
523 654 655 725 ereptam
677 645 737 707 lavi

81 749 188 810 meque
210 731 273 810 ipsa
296 729 417 810 perdis?
446 730 511 792 laus
533 730 585 792 tibi
609 739 710 810 erepta
733 731 843 795 incluta
866 740 920 806 est,

82 815 187 894 ingens
210 815 394 895 triumphus:
417 815 535 891 aemuli,
558 815 644 890 lunc,
666 816 710 876 tui

81 909 205 961 mortem
229 901 379 980 occupavi.
423 920 487 961 um.
532 900 609 971 Quid
632 900 753 962 domum
775 899 930 979 impulsam
953 899 1068 963 trabis?

81 985 190 1046 erroris
213 995 258 1046 ast
280 984 328 1045 hic
350 1003 438 1046 amne
461 985 670 1065 quodcumque
693 995 737 1048 est
759 986 851 1047 nelas.
1109 997 1153 1048 88⁵

82 1072 153 1132 baut
176 1078 220 1130 est
243 1088 355 1131 nocens
378 1070 558 1150 quicumque
581 1089 642 1131 nnn
665 1078 772 1149 sponte
795 1080 839 1131 eat
861 1089 983 1132 nocens.

81 1174 139 1215 nur.
191 1154 378 1234 Quicumque
399 1155 459 1216 lata
482 1154 610 1234 ignoscit
632 1164 661 1216 et
683 1156 778 1234 parcit
799 1155 864 1231 sibi,

82 1257 181 1301 errare
203 1239 326 1301 meruit:
350 1248 444 1301 morte
467 1238 599 1302 damnari
621 1240 727 1320 placet.

81 1344 145 1385 nm.
190 1324 307 1385 Nocens
328 1324 420 1385 videri
443 1325 493 1404 qui
515 1325 590 1386 mari
614 1325 728 1404 quaerit
750 1326 841 1405 cupit.

83 1429 139 1470 nur.
190 1409 269 1469 Mors
292 1409 467 1471 innocentes
488 1409 549 1471 sala
573 1409 712 1490 deceptos
735 1411 812 1472 lacit.
1109 1421 1154 1473 890

82 1513 145 1554 um.
190 1494 294 1554 Titana
317 1494 435 1573 fugiens
457 1528 499 1539 —
546 1514 604 1554 nur.
650 1495 717 1574 lpse
739 1514 787 1556 me
807 1495 894 1557 Titan
917 1496 1001 1575 fugit.

82 1598 145 1639 urs.
190 1578 283 1639 Vitam
305 1576 478 1656 relinques?
520 1597 579 1641 nar.
623 1579 768 1652 Miseram,
792 1588 825 1640 ut
847 1579 969 1641 Alciden
992 1598 1108 1658 sequar.

83 1683 147 1724 ure.
192 1665 336 1743 Superest
358 1673 386 1723 et
408 1681 494 1724 auras
517 1663 567 1723 ille
588 1663 727 1725 caelestes
751 1664 847 1725 trabit.

84 1767 140 1808 ner.
194 1748 276 1809 Vinci
302 1747 444 1808 Hercules
467 1766 533 1809 cum
557 1748 662 1827 patuit,
686 1748 756 1809 hinc
779 1749 877 1828 coepit
898 1748 995 1822 mari„

83 1852 146 1893 ern.
190 1832 296 1894 Natum
319 1832 471 1912 relinques
492 1835 610 1911 lataque
632 1833 790 1912 abrumpes
813 1830 886 1895 tua?
1109 1843 1155 1894 890
1202 1909 1205 1914 1

84 1936 140 1978 nar.
194 1916 418 1996 Quamcumque
441 1926 526 1979 natus
550 1918 655 1997 sepelit
678 1917 749 1978 haec
771 1919 841 1979 vixit
862 1918 923 1979 diu.

81 2021 147 2062 nun.
191 2002 292 2063 Virum
315 2003 460 2081 sequeris.
504 2022 561 2064 um.
607 2002 763 2081 Praegredi
786 2013 882 2065 castae
903 2003 1008 2064 solent.

83 2106 146 2147 nrn.
192 2088 222 2148 Si
246 2096 274 2148 te
297 2087 360 2167 ipsa
384 2088 513 2162 damnas,
536 2086 648 2148 scelere
667 2098 698 2148 te
722 2087 828 2150 misera
849 2087 957 2167 arguis.

84 2191 140 2232 nm.
191 2171 284 2233 Nemo
308 2190 420 2233 nocens
443 2172 498 2233 sibi
521 2173 585 2252 ipse
607 2191 720 2251 paenas
742 2172 870 2252 abmgat.

18 2299 21 2306 .
83 2275 148 2316 ure.
192 2256 292 2318 Multis
314 2258 435 2319 remissa
459 2266 502 2319 est
526 2257 581 2319 vita
604 2275 732 2336 quarum
755 2276 838 2320 error
862 2277 983 2332 nocens,
1111 2267 1155 2318 900

84 2360 145 2402 nnn
169 2340 268 2402 dextra
291 2342 394 2404 luerat.
440 2342 497 2405 lata
519 2342 587 2421 quis
609 2342 726 2404 damnat
748 2341 823 2404 sua?

83 2445 141 2486 nar.
193 2425 379 2505 Quicumque
400 2429 457 2489 lata
479 2428 581 2507 iniqua
603 2427 725 2489 sortitus
747 2429 813 2491 luit.

84 2529 147 2570 ure.
192 2510 247 2571 llic
270 2512 333 2591 ipse
355 2512 502 2591 Megaram
525 2529 632 2592 nempe
654 2514 797 2575 ccnlixam
820 2513 882 2576 suis

85 2595 185 2656 stravit
206 2596 318 2674 sagittis
341 2606 429 2675 atque
451 2609 588 2658 natarum
611 2598 740 2659 indolem

86 2681 216 2742 lernaea
237 2681 331 2760 ligens
353 2682 409 2743 tela
432 2682 592 2743 luribnnda
613 2700 719 2756 manu;

85 2775 131 2825 ter
152 2765 296 2844 parricida
318 2766 412 2834 lactus
433 2767 545 2845 ignovit
565 2774 663 2828 tamen

82 2849 151 2925 sibi,
174 2869 234 2912 non
257 2850 365 2911 iurari:
390 2853 471 2913 fonte
494 2850 639 2930 Cinyphia
662 2852 759 2912 scelus

85 2935 140 2994 snb
163 2954 215 2996 axe
237 2935 346 3014 libyco
370 2936 455 2999 tersit
477 2945 505 2996 et
528 2937 658 2997 dextram
681 2935 783 2998 abluit.

85 3038 154 3097 qno,
178 3020 293 3093 misera,
317 3018 438 3100 pergis?
466 3039 520 3082 cur
542 3029 608 3081 tuas
631 3021 751 3082 damnas
773 3021 901 3083 ipanus?

84 3123 140 3163 nar.
193 3104 316 3167 Damnat
338 3125 417 3167 meas
441 3105 571 3169 devictus
592 3105 708 3168 alcides
731 3123 851 3168 manus:
1111 3117 1158 3167 910

170 3357 219 3406 818
238 3355 308 3406 ieris:
327 3370 339 3406 s
358 3358 534 3408 esttamld
592 3360 640 3410 881
661 3361 755 3409 cretam
774 3359 798 3407 11
849 3357 1158 3425 881-982110118000·

86 3427 123 3472 tas
140 3425 243 3472 autrici
261 3422 455 3474 0100001οΗ1
523 3426 572 3478 885
592 3425 682 3476 erraris
699 3425 757 3478 istic
776 3425 862 3490 (istuc)
879 3427 904 3476 A
974 3429 1023 3480 888
1042 3425 1085 3492 qui
1112 3425 1158 3476 etit

85 3493 192 3541 mertem
211 3490 281 3556 cupit
298 3492 324 3541 A
393 3493 441 3544 891
462 3492 544 3559 lugiea
561 3495 594 3546 A.
620 3521 651 3531 -
677 3508 733 3546 usn.
752 3498 793 3557 (ct
814 3495 861 3543 ubi
879 3497 920 3556 ua)
946 3493 1064 3546 tbiestem
1104 3495 1158 3546 itan

85 3556 182 3623 lugitb'
234 3560 284 3610 892
303 3557 449 3626 relinquens
458 3561 491 3614 ld.
509 3589 542 3599 -
560 3562 697 3613 miseram?
719 3565 784 3613 mut
801 3511 950 3613 Alciiemb'
968 3562 1074 3614 misera?
1099 3569 1159 3614 nat

86 3623 200 3677 Alcidem
219 3629 244 3677 A
262 3630 384 3677 narrarit
398 3627 552 3680 ‘Gronovius
605 3630 654 3681 893
674 3636 701 3680 ut
720 3630 744 3679 11
801 3631 851 3682 898
870 3644 1030 3696 quacumque
1048 3633 1159 3684 natusb'

84 3707 260 3760 quaecumque
277 3698 364 3745 natum
383 3697 408 3744 A
421 3700 540 3747 corrasit
558 3696 681 3760 Scaliger·
750 3699 800 3750 898
819 3697 959 3763 εεείεῐίες
1027 3699 1158 3751 8991110-

80 3766 129 3826 -gat
146 3763 203 3841 A..
240 3765 291 3814 902
310 3761 376 3829 lngit
393 3765 430 3844 A
470 3767 518 3816 903
539 3764 562 3815 b.
586 3765 602 3816 i.
626 3765 770 3831 Megerela'
793 3765 848 3832 ipse
872 3765 1057 3844 bicflltlegerarn
1075 3770 1106 3819 A.
1124 3797 1157 3806 —

85 3828 325 3949 1111111111·
344 3831 773 3952 111’“ὲ1111011ἔ11”1“”
793 3834 1066 3956 adnullant
1086 3839 1159 3957 dr

86 3973 111 4013 er
130 3963 255 4016 drextram
274 3982 297 4017 a.
317 3967 340 4016 11
409 3969 458 4020 909
478 3966 539 4035 quid
558 3972 614 4021 tuas
631 3971 656 4020 A
