2580 4366
339 215 378 258 nn
399 214 525 258 cennens
545 215 731 260 rotmanis.
1011 204 1070 265 115

79 384 163 448 [uem
187 384 249 445 quo
272 365 390 446 saepius
412 374 539 429 retracto
561 386 596 428 eo
618 368 711 446 magis
731 367 889 430 verisimile
911 369 1005 432 habeo
1028 371 1071 433 sic

79 451 216 515 nendum
240 469 305 512 esse
328 453 373 526 (ut
395 451 528 530 integros
549 471 652 514 versus
674 454 807 532 integros
828 452 1018 531 adscribam:

202 546 255 598 eut
276 540 378 616 uupue's
400 539 466 597 imis
487 536 609 598 vallibus
631 539 722 600 editus

201 639 312 683 euuose
332 638 422 700 supro
441 621 546 684 roboro
567 622 665 684 sibilat

200 723 343 786 supraque
360 710 450 785 piuus

201 795 295 853 eremit
317 789 479 852 coeruleum
501 800 593 868 ceput,

199 895 265 937 euru
287 879 397 937 maiore
417 879 466 936 sui
481 886 565 954 purte
586 875 758 936 recumberet

79 963 169 1026 ,728
201 961 332 1022 insertus
359 961 397 1021 sit
426 977 494 1020 cum
521 978 665 1040 supraque
693 960 723 1020 in
751 971 918 1040 superetque
946 961 1068 1041 proclivi

79 1054 264 1110 emutatum
287 1045 384 1107 inerit.

79 1133 148 1196 dein
170 1138 338 1212 spartarum
362 1130 507 1208 originem
526 1139 554 1190 et
569 1147 699 1209 pugnam
715 1129 811 1191 fusius
827 1129 966 1192 describit
980 1138 1068 1210 atque

79 1218 150 1280 dem
172 1215 294 1277 materia
317 1215 482 1289 tractanda,
505 1222 538 1275 nt
560 1214 650 1290 solet,
675 1215 831 1276 transitum
854 1236 869 1276 a
891 1215 981 1276 mixto
1005 1235 1066 1277 me-

79 1321 109 1365 m
123 1319 233 1382 genere
248 1300 284 1361 ad
298 1299 482 1380 anapaestico
498 1298 576 1360 lacit.
607 1317 736 1377 quorum
750 1300 782 1361 in
799 1299 936 1361 confiniis
952 1300 1066 1379 pridem

79 1395 178 1451 urunt
198 1385 254 1446 viri
269 1385 347 1446 docti
363 1394 392 1447 et
407 1385 472 1446 iure
487 1384 606 1462 quidem
622 1385 653 1445 in
669 1385 913 1465 interpolatorum
930 1385 1066 1446 codicum

79 1482 158 1549 tura,
188 1488 278 1550 quam
305 1477 454 1532 tentantes
481 1469 561 1547 quod
590 1469 663 1529 nihii
693 1471 817 1532 effecere
844 1469 991 1548 ingeniosi
1012 1469 1068 1530 viri

79 1558 116 1619 ms
137 1564 168 1618 ct
188 1555 365 1634 Rntgersius
387 1553 433 1630 (V.
450 1553 483 1614 L.
503 1573 532 1633 p.
549 1555 612 1616 426
627 1557 684 1632 sq.)
708 1574 769 1616 non
791 1555 917 1615 mireris.
949 1554 1066 1616 Etrusci

79 1649 171 1704 turam
193 1648 304 1700 rectam
326 1658 392 1701 esse
412 1638 484 1699 vidit
499 1639 683 1714 Gronovius;
707 1656 783 1718 quae
804 1639 977 1700 offensionis
993 1637 1066 1699 ninit

79 1735 149 1789 teret
170 1725 196 1786 si
218 1742 286 1785 cum
308 1723 474 1804 anapaestis
496 1723 642 1785 sententia
665 1743 726 1785 non
742 1725 907 1804 interrupta
924 1723 1066 1801 coniungi

79 1819 112 1874 et:
133 1830 161 1872 v.
180 1811 243 1873 733

197 1896 295 1957 scuuit
314 1893 424 1971 replere
446 1893 594 1954 closu'oueu
619 1911 711 1955 cornu

199 1979 342 2058 lituusque
364 1978 473 2039 adunco
495 1977 631 2039 stridulos
653 1988 752 2040 mutus

198 2063 272 2125 elisit
293 2081 369 2124 cere.
412 2081 472 2124 uou
494 2074 560 2124 erte
582 2061 695 2142 la'repuos

198 2147 286 2226 agiles
307 2158 333 2208 et
355 2165 408 2208 ore
429 2151 504 2223 oou's
526 2152 639 2226 ipuotne

198 2233 321 2294 demere
333 2236 469 2312 'primum
491 2232 594 2293 bestico
617 2235 730 2311 experti

198 2321 315 2396 epmiuo
336 2335 449 2396 compos
470 2328 590 2395 eopuetc
611 2326 706 2378 teueut
728 2334 754 2375 e.
770 2332 799 2392 q.
816 2333 840 2374 s.

79 2401 125 2462 boc
146 2402 211 2462 fieri
234 2420 295 2462 non
319 2409 431 2480 potest;
454 2419 522 2462 nam
545 2409 578 2462 ut
599 2406 716 2479 optutus
738 2410 857 2478 copuoto
872 2397 1066 2478 appositionis

90 2486 121 2548 ad
147 2491 260 2568 experti
285 2486 425 2547 accedere
454 2486 564 2565 possit,
593 2503 703 2546 nomen
726 2484 910 2545 desideratur
931 2501 991 2561 quo
1014 2483 1067 2543 ad-

79 2589 130 2632 ium
152 2576 267 2652 emperte‘
286 2578 413 2649 regatur
455 2571 554 2668 itaque
576 2569 607 2630 in
631 2579 725 2632 metro
748 2569 924 2630 sententiam
947 2585 1066 2647 quoque

79 2654 145 2718 inari
167 2655 359 2717 iudicandum
382 2663 436 2715 est
476 2655 515 2716 ita
538 2674 606 2715 vero
630 2655 727 2715 statim
749 2659 872 2733 apparet
892 2652 1066 2748 incorrupta

79 2759 113 2802 uu
134 2741 207 2801 baec
229 2740 316 2800 verba
340 2758 404 2801 esse
427 2734 449 2815 (ζ
454 2739 648 2817 linguasnon
664 2745 748 2800 antea
764 2738 854 2816 agiles
870 2745 898 2798 et
913 2755 964 2797 ora
980 2736 1066 2814 igno·

84 2842 181 2887 rocem
211 2824 362 2885 fundentia
391 2825 521 2920 primum
544 2823 656 2904 experti
679 2823 807 2883 clamore
831 2813 984 2918 bellico’)‚
1015 2821 1065 2883 sed

79 2909 328 2972 azdesideratur
356 2909 435 2969 enim
456 2908 579 2970 verbnm
603 2919 646 2982 et,
675 2907 815 2986 quoniam
842 2907 877 2968 de
898 2907 968 2968 viris
991 2905 1065 2967 nihil

88 2995 285 3074 comperimus
308 2997 345 3071 (v.
361 2996 421 3057 731
444 2995 506 3072 fetu
528 2993 644 3055 tellus
631 3012 719 3073 empto
738 3004 828 3072 partu
843 2993 945 3074 effudit
959 2992 1064 3068 orme),

79 3097 117 3155 m3
139 3079 195 3152 vel,
218 3087 253 3138 ut
267 3078 352 3140 aliter
366 3077 444 3138 idem
460 3078 563 3154 dicam,
587 3078 736 3139 intercidit
753 3078 810 3137 hoc
824 3078 887 3137 iere
902 3075 1066 3137 sententiae

79 3163 248 3226 lomentum:
272 3157 468 3246 [pupuompue
490 3164 603 3224 e'ut'bout
625 3163 727 3225 tellure
749 3157 827 3244 nott]
849 3179 908 3222 uou
925 3171 991 3262 epte
1007 3159 1066 3220 lire-

91 3249 177 3329 ope'les
204 3261 232 3311 et
261 3266 376 3310 orc—
398 3248 520 3309 elamore
542 3252 672 3328 primm
692 3246 797 3309 bestico
819 3237 949 3325 streperet.²
995 3242 1064 3303 dein

80 3341 105 3395 l:
126 3337 245 3414 cpmiuo
267 3352 379 3430 compos
401 3344 519 3412 copucte
541 3345 644 3395 teueut

79 3418 206 3516 deniqne
228 3419 335 3478 cantici
357 3419 475 3479 finem
468 3418 615 3497 inspicere
638 3416 789 3489 debemus,
811 3413 880 3474 licet
900 3413 1064 3492 anapaestis

79 3503 200 3576 oricum,
222 3511 257 3564 nt
272 3502 487 3564 sententiarum
504 3502 637 3562 ordinem
654 3509 734 3562 reete
749 3498 945 3561 aestimemus
975 3506 1064 3576 atquc

92 3590 151 3653 751
176 3605 222 3666 sq.
246 3587 357 3665 aliquid
372 3586 442 3648 vidit
457 3585 600 3666 Peiperus
615 3585 659 3646 vel
674 3584 774 3664 potius
789 3582 897 3644 sensit:
922 3583 1064 3644 nimirum

79 3691 145 3735 cum
161 3670 409 3752 praecedentibus
424 3690 485 3732 non
502 3672 668 3733 cohaerere.
700 3678 729 3732 at
743 3668 893 3747 aptissime
907 3667 1063 3729 Actaeonis

79 3758 107 3820 in
134 3758 195 3818 hoc
224 3756 354 3817 carmine
382 3768 541 3818 narrantur
569 3764 598 3816 et
626 3756 661 3816 de
690 3754 919 3817 Phoenissarum
948 3752 1062 3815 cantico

79 3844 105 3905 ia
126 3842 289 3905 discutient
311 3851 382 3920 puto
406 3860 481 3920 quae
497 3842 533 3902 de
548 3839 663 3902 scaenis
677 3839 735 3901 illis
752 3838 973 3919 disputavimus.
1004 3837 1063 3897 Ha·

79 3945 155 3990 ‘ierus
178 3944 299 4006 quoque
322 3926 478 4006 aPeipero
501 3927 532 3987 in
556 3943 686 3986 errorem
709 3944 741 3986 se
763 3924 869 3986 deduci
890 3940 995 4003 passus
1018 3929 1064 3982 est

822 4023 859 4079 8*
