<?xml version="1.0" encoding="UTF-8"?>
<!DOCTYPE html PUBLIC "-//W3C//DTD XHTML 1.0 Transitional//EN"
    "http://www.w3.org/TR/xhtml1/DTD/xhtml1-transitional.dtd">
<html xmlns="http://www.w3.org/1999/xhtml" xml:lang="en" lang="en">
 <head>
  <title>
</title>
<meta http-equiv="Content-Type" content="text/html;charset=utf-8" />
  <meta name='ocr-system' content='tesseract 3.04.00' />
  <meta name='ocr-capabilities' content='ocr_page ocr_carea ocr_par ocr_line ocrx_word'/>
</head>
<body>
  <div class='ocr_page' id='page_1' title='image "./tragoediae00leogoog_0568.png"; bbox 0 0 2580 4366; ppageno 0'>
   <div class='ocr_carea' id='block_1_1' title="bbox 436 218 749 293">
    <p class='ocr_par' dir='ltr' id='par_1_1' title="bbox 436 218 749 293">
     <span class='ocr_line' id='line_1_1' title="bbox 436 218 749 293; baseline 0.003 -17"><span class='ocrx_word' id='word_1_1' title='bbox 436 233 580 276; x_wconf 76' lang='lat' dir='ltr'>uouemus</span> <span class='ocrx_word' id='word_1_2' title='bbox 602 218 749 293; x_wconf 73' lang='lat' dir='ltr'>[ominus]</span> 
     </span>
    </p>
   </div>
   <div class='ocr_carea' id='block_1_2' title="bbox 52 382 884 3174">
    <p class='ocr_par' dir='ltr' id='par_1_2' title="bbox 53 382 830 549">
     <span class='ocr_line' id='line_1_2' title="bbox 54 382 830 462; baseline 0.003 -16"><span class='ocrx_word' id='word_1_3' title='bbox 54 384 107 446; x_wconf 93' lang='lat' dir='ltr'>sed</span> <span class='ocrx_word' id='word_1_4' title='bbox 130 402 191 444; x_wconf 92' lang='lat' dir='ltr'>non</span> <span class='ocrx_word' id='word_1_5' title='bbox 215 382 354 445; x_wconf 88' lang='lat' dir='ltr'>inultam:</span> <span class='ocrx_word' id='word_1_6' title='bbox 380 383 405 445; x_wconf 93' lang='lat' dir='ltr'>si</span> <span class='ocrx_word' id='word_1_7' title='bbox 428 383 498 462; x_wconf 93' lang='lat' dir='ltr'>quid</span> <span class='ocrx_word' id='word_1_8' title='bbox 521 403 556 445; x_wconf 94' lang='lat' dir='ltr'>ex</span> <span class='ocrx_word' id='word_1_9' title='bbox 578 393 681 446; x_wconf 91' lang='lat' dir='ltr'>nostro</span> <span class='ocrx_word' id='word_1_10' title='bbox 704 385 830 448; x_wconf 76' lang='lat' dir='ltr'>Hercule</span> 
     </span>
     <span class='ocr_line' id='line_1_3' title="bbox 53 467 685 549; baseline 0 -19"><span class='ocrx_word' id='word_1_11' title='bbox 53 468 193 549; x_wconf 84' lang='lat' dir='ltr'>concepit</span> <span class='ocrx_word' id='word_1_12' title='bbox 214 468 286 543; x_wconf 91' lang='lat' dir='ltr'>Iole,</span> <span class='ocrx_word' id='word_1_13' title='bbox 308 467 447 529; x_wconf 89' lang='lat' dir='ltr'>manibus</span> <span class='ocrx_word' id='word_1_14' title='bbox 470 469 589 531; x_wconf 87' lang='lat' dir='ltr'>evellam</span> <span class='ocrx_word' id='word_1_15' title='bbox 611 470 685 530; x_wconf 90' lang='lat' dir='ltr'>meis</span> 
     </span>
    </p>

    <p class='ocr_par' dir='ltr' id='par_1_3' title="bbox 53 553 778 633">
     <span class='ocr_line' id='line_1_4' title="bbox 53 553 778 633; baseline 0 -18"><span class='ocrx_word' id='word_1_16' title='bbox 53 563 122 615; x_wconf 93' lang='lat' dir='ltr'>ante</span> <span class='ocrx_word' id='word_1_17' title='bbox 145 562 175 614; x_wconf 90' lang='lat' dir='ltr'>et</span> <span class='ocrx_word' id='word_1_18' title='bbox 195 572 250 632; x_wconf 92' lang='lat' dir='ltr'>per</span> <span class='ocrx_word' id='word_1_19' title='bbox 272 554 351 631; x_wconf 91' lang='lat' dir='ltr'>ipsas</span> <span class='ocrx_word' id='word_1_20' title='bbox 373 553 514 633; x_wconf 83' lang='lat' dir='ltr'>paelicem</span> <span class='ocrx_word' id='word_1_21' title='bbox 537 553 668 617; x_wconf 81' lang='lat' dir='ltr'>invadam</span> <span class='ocrx_word' id='word_1_22' title='bbox 690 555 778 618; x_wconf 80' lang='lat' dir='ltr'>laces,</span> 
     </span>
    </p>

    <p class='ocr_par' dir='ltr' id='par_1_4' title="bbox 52 637 593 718">
     <span class='ocr_line' id='line_1_5' title="bbox 52 637 593 718; baseline 0.002 -19"><span class='ocrx_word' id='word_1_23' title='bbox 52 657 101 699; x_wconf 91' lang='lat' dir='ltr'>me</span> <span class='ocrx_word' id='word_1_24' title='bbox 124 637 250 718; x_wconf 84' lang='lat' dir='ltr'>nuptiali</span> <span class='ocrx_word' id='word_1_25' title='bbox 273 638 418 699; x_wconf 91' lang='lat' dir='ltr'>victimam</span> <span class='ocrx_word' id='word_1_26' title='bbox 441 639 525 700; x_wconf 91' lang='lat' dir='ltr'>leriat</span> <span class='ocrx_word' id='word_1_27' title='bbox 547 638 593 700; x_wconf 91' lang='lat' dir='ltr'>die</span> 
     </span>
    </p>

    <p class='ocr_par' dir='ltr' id='par_1_5' title="bbox 52 723 857 888">
     <span class='ocr_line' id='line_1_6' title="bbox 53 723 857 804; baseline 0.001 -20"><span class='ocrx_word' id='word_1_28' title='bbox 53 724 190 799; x_wconf 79' lang='lat' dir='ltr'>infestus,</span> <span class='ocrx_word' id='word_1_29' title='bbox 213 723 295 783; x_wconf 90' lang='lat' dir='ltr'>lolen</span> <span class='ocrx_word' id='word_1_30' title='bbox 320 724 389 784; x_wconf 92' lang='lat' dir='ltr'>dum</span> <span class='ocrx_word' id='word_1_31' title='bbox 412 742 502 804; x_wconf 89' lang='lat' dir='ltr'>supra</span> <span class='ocrx_word' id='word_1_32' title='bbox 525 724 687 786; x_wconf 88' lang='lat' dir='ltr'>exanimem</span> <span class='ocrx_word' id='word_1_33' title='bbox 710 743 793 785; x_wconf 91' lang='lat' dir='ltr'>ruam</span> <span class='ocrx_word' id='word_1_34' title='bbox 815 759 857 771; x_wconf 95' lang='lat'><em>-</em></span> 
     </span>
     <span class='ocr_line' id='line_1_7' title="bbox 52 808 745 888; baseline 0.001 -19"><span class='ocrx_word' id='word_1_35' title='bbox 52 808 124 869; x_wconf 89' lang='lat' dir='ltr'>lelix</span> <span class='ocrx_word' id='word_1_36' title='bbox 146 808 222 870; x_wconf 89' lang='lat' dir='ltr'>iacet</span> <span class='ocrx_word' id='word_1_37' title='bbox 244 808 425 888; x_wconf 86' lang='lat' dir='ltr'>quicumque</span> <span class='ocrx_word' id='word_1_38' title='bbox 447 827 522 887; x_wconf 92' lang='lat' dir='ltr'>quos</span> <span class='ocrx_word' id='word_1_39' title='bbox 545 809 606 871; x_wconf 91' lang='lat' dir='ltr'>odit</span> <span class='ocrx_word' id='word_1_40' title='bbox 628 810 745 888; x_wconf 86' lang='lat' dir='ltr'>premit.</span> 
     </span>
    </p>

    <p class='ocr_par' dir='ltr' id='par_1_6' title="bbox 53 893 884 1483">
     <span class='ocr_line' id='line_1_8' title="bbox 53 893 884 974; baseline 0.005 -20"><span class='ocrx_word' id='word_1_41' title='bbox 53 911 119 954; x_wconf 79' lang='lat' dir='ltr'>rvr.</span> <span class='ocrx_word' id='word_1_42' title='bbox 164 893 240 964; x_wconf 85' lang='lat' dir='ltr'>Quid</span> <span class='ocrx_word' id='word_1_43' title='bbox 262 893 326 972; x_wconf 92' lang='lat' dir='ltr'>ipsa</span> <span class='ocrx_word' id='word_1_44' title='bbox 347 894 478 954; x_wconf 86' lang='lat' dir='ltr'>flammas</span> <span class='ocrx_word' id='word_1_45' title='bbox 500 894 597 974; x_wconf 89' lang='lat' dir='ltr'>pascis</span> <span class='ocrx_word' id='word_1_46' title='bbox 618 904 647 955; x_wconf 88' lang='lat' dir='ltr'>et</span> <span class='ocrx_word' id='word_1_47' title='bbox 668 903 781 956; x_wconf 90' lang='lat' dir='ltr'>vastum</span> <span class='ocrx_word' id='word_1_48' title='bbox 802 896 884 958; x_wconf 87' lang='lat' dir='ltr'>foves</span> 
     </span>
     <span class='ocr_line' id='line_1_9' title="bbox 54 975 823 1058; baseline 0.003 -20"><span class='ocrx_word' id='word_1_49' title='bbox 54 978 135 1039; x_wconf 92' lang='lat' dir='ltr'>ultro</span> <span class='ocrx_word' id='word_1_50' title='bbox 159 975 313 1038; x_wconf 82' lang='lat' dir='ltr'>dolorem?</span> <span class='ocrx_word' id='word_1_51' title='bbox 342 978 458 1053; x_wconf 85' lang='lat' dir='ltr'>misera,</span> <span class='ocrx_word' id='word_1_52' title='bbox 482 979 552 1058; x_wconf 93' lang='lat' dir='ltr'>quid</span> <span class='ocrx_word' id='word_1_53' title='bbox 576 997 690 1040; x_wconf 88' lang='lat' dir='ltr'>cassum</span> <span class='ocrx_word' id='word_1_54' title='bbox 713 978 823 1041; x_wconf 69' lang='lat' dir='ltr'>times?</span> 
     </span>
     <span class='ocr_line' id='line_1_10' title="bbox 54 1062 737 1143; baseline 0.004 -20"><span class='ocrx_word' id='word_1_55' title='bbox 54 1062 156 1124; x_wconf 87' lang='lat' dir='ltr'>dilexit</span> <span class='ocrx_word' id='word_1_56' title='bbox 177 1062 273 1123; x_wconf 90' lang='lat' dir='ltr'>lolen:</span> <span class='ocrx_word' id='word_1_57' title='bbox 297 1081 405 1143; x_wconf 91' lang='lat' dir='ltr'>nempe</span> <span class='ocrx_word' id='word_1_58' title='bbox 429 1081 496 1124; x_wconf 93' lang='lat' dir='ltr'>oum</span> <span class='ocrx_word' id='word_1_59' title='bbox 517 1073 607 1126; x_wconf 88' lang='lat' dir='ltr'>staret</span> <span class='ocrx_word' id='word_1_60' title='bbox 628 1082 737 1143; x_wconf 90' lang='lat' dir='ltr'>parcns</span> 
     </span>
     <span class='ocr_line' id='line_1_11' title="bbox 54 1147 840 1226; baseline 0.003 -17"><span class='ocrx_word' id='word_1_61' title='bbox 54 1147 195 1225; x_wconf 84' lang='lat' dir='ltr'>regisque</span> <span class='ocrx_word' id='word_1_62' title='bbox 218 1155 315 1208; x_wconf 90' lang='lat' dir='ltr'>natam</span> <span class='ocrx_word' id='word_1_63' title='bbox 337 1157 452 1226; x_wconf 88' lang='lat' dir='ltr'>peteret</span> <span class='ocrx_word' id='word_1_64' title='bbox 474 1183 515 1192; x_wconf 90' lang='lat'><strong>—</strong></span> <span class='ocrx_word' id='word_1_65' title='bbox 539 1149 570 1209; x_wconf 93' lang='lat' dir='ltr'>in</span> <span class='ocrx_word' id='word_1_66' title='bbox 593 1149 719 1210; x_wconf 79' lang='lat' dir='ltr'>famulae</span> <span class='ocrx_word' id='word_1_67' title='bbox 741 1149 840 1211; x_wconf 91' lang='lat' dir='ltr'>locum</span> 
     </span>
     <span class='ocr_line' id='line_1_12' title="bbox 56 1231 655 1312; baseline 0 -19"><span class='ocrx_word' id='word_1_68' title='bbox 56 1231 158 1311; x_wconf 84' lang='lat' dir='ltr'>regina</span> <span class='ocrx_word' id='word_1_69' title='bbox 181 1232 303 1293; x_wconf 90' lang='lat' dir='ltr'>cecidit:</span> <span class='ocrx_word' id='word_1_70' title='bbox 327 1233 452 1312; x_wconf 88' lang='lat' dir='ltr'>perdidit</span> <span class='ocrx_word' id='word_1_71' title='bbox 475 1234 551 1295; x_wconf 89' lang='lat' dir='ltr'>vires</span> <span class='ocrx_word' id='word_1_72' title='bbox 573 1251 655 1295; x_wconf 92' lang='lat' dir='ltr'>amor</span> 
     </span>
     <span class='ocr_line' id='line_1_13' title="bbox 54 1316 773 1403; baseline 0.001 -25"><span class='ocrx_word' id='word_1_73' title='bbox 54 1316 242 1395; x_wconf 89' lang='lat' dir='ltr'>multumque</span> <span class='ocrx_word' id='word_1_74' title='bbox 265 1316 300 1377; x_wconf 93' lang='lat' dir='ltr'>ah</span> <span class='ocrx_word' id='word_1_75' title='bbox 323 1317 372 1378; x_wconf 92' lang='lat' dir='ltr'>illa</span> <span class='ocrx_word' id='word_1_76' title='bbox 393 1319 482 1380; x_wconf 84' lang='lat' dir='ltr'>traxit</span> <span class='ocrx_word' id='word_1_77' title='bbox 502 1318 604 1380; x_wconf 83' lang='lat' dir='ltr'>infelix</span> <span class='ocrx_word' id='word_1_78' title='bbox 626 1325 729 1380; x_wconf 84' lang='lat' dir='ltr'>status.</span> <span class='ocrx_word' id='word_1_79' title='bbox 767 1390 773 1403; x_wconf 91' lang='lat'>.</span> 
     </span>
     <span class='ocr_line' id='line_1_14' title="bbox 54 1401 723 1483; baseline 0.001 -20"><span class='ocrx_word' id='word_1_80' title='bbox 54 1401 157 1463; x_wconf 91' lang='lat' dir='ltr'>illicita</span> <span class='ocrx_word' id='word_1_81' title='bbox 179 1411 324 1477; x_wconf 90' lang='lat' dir='ltr'>amantur,</span> <span class='ocrx_word' id='word_1_82' title='bbox 347 1403 455 1463; x_wconf 86' lang='lat' dir='ltr'>excidit</span> <span class='ocrx_word' id='word_1_83' title='bbox 477 1403 621 1483; x_wconf 92' lang='lat' dir='ltr'>quidquid</span> <span class='ocrx_word' id='word_1_84' title='bbox 644 1403 723 1465; x_wconf 89' lang='lat' dir='ltr'>licet.</span> 
     </span>
    </p>

    <p class='ocr_par' dir='ltr' id='par_1_7' title="bbox 54 1485 859 1651">
     <span class='ocr_line' id='line_1_15' title="bbox 54 1485 859 1568; baseline 0.001 -21"><span class='ocrx_word' id='word_1_85' title='bbox 54 1505 115 1547; x_wconf 82' lang='lat' dir='ltr'>nur.</span> <span class='ocrx_word' id='word_1_86' title='bbox 159 1485 289 1547; x_wconf 80' lang='lat' dir='ltr'>Fortuna</span> <span class='ocrx_word' id='word_1_87' title='bbox 312 1503 441 1548; x_wconf 86' lang='lat' dir='ltr'>amorem</span> <span class='ocrx_word' id='word_1_88' title='bbox 463 1489 548 1566; x_wconf 91' lang='lat' dir='ltr'>peior</span> <span class='ocrx_word' id='word_1_89' title='bbox 569 1488 730 1548; x_wconf 85' lang='lat' dir='ltr'>inflammat</span> <span class='ocrx_word' id='word_1_90' title='bbox 751 1489 859 1568; x_wconf 83' lang='lat' dir='ltr'>magis:</span> 
     </span>
     <span class='ocr_line' id='line_1_16' title="bbox 55 1570 736 1651; baseline 0 -19"><span class='ocrx_word' id='word_1_91' title='bbox 55 1580 134 1632; x_wconf 88' lang='lat' dir='ltr'>amat</span> <span class='ocrx_word' id='word_1_92' title='bbox 155 1570 200 1631; x_wconf 91' lang='lat' dir='ltr'>vel</span> <span class='ocrx_word' id='word_1_93' title='bbox 221 1572 320 1650; x_wconf 91' lang='lat' dir='ltr'>ipsum</span> <span class='ocrx_word' id='word_1_94' title='bbox 345 1571 423 1651; x_wconf 93' lang='lat' dir='ltr'>quod</span> <span class='ocrx_word' id='word_1_95' title='bbox 447 1580 526 1632; x_wconf 88' lang='lat' dir='ltr'>caret</span> <span class='ocrx_word' id='word_1_96' title='bbox 547 1571 643 1651; x_wconf 92' lang='lat' dir='ltr'>patrio</span> <span class='ocrx_word' id='word_1_97' title='bbox 665 1572 736 1647; x_wconf 88' lang='lat' dir='ltr'>lare,</span> 
     </span>
    </p>

    <p class='ocr_par' dir='ltr' id='par_1_8' title="bbox 55 1655 764 1820">
     <span class='ocr_line' id='line_1_17' title="bbox 55 1655 764 1735; baseline 0.004 -19"><span class='ocrx_word' id='word_1_98' title='bbox 55 1656 136 1734; x_wconf 92' lang='lat' dir='ltr'>quod</span> <span class='ocrx_word' id='word_1_99' title='bbox 159 1655 258 1717; x_wconf 92' lang='lat' dir='ltr'>nudus</span> <span class='ocrx_word' id='word_1_100' title='bbox 280 1674 353 1717; x_wconf 91' lang='lat' dir='ltr'>auro</span> <span class='ocrx_word' id='word_1_101' title='bbox 377 1656 468 1716; x_wconf 88' lang='lat' dir='ltr'>crinis</span> <span class='ocrx_word' id='word_1_102' title='bbox 491 1664 520 1716; x_wconf 88' lang='lat' dir='ltr'>et</span> <span class='ocrx_word' id='word_1_103' title='bbox 542 1673 656 1735; x_wconf 82' lang='lat' dir='ltr'>gemma</span> <span class='ocrx_word' id='word_1_104' title='bbox 679 1657 764 1732; x_wconf 84' lang='lat' dir='ltr'>iacet,</span> 
     </span>
     <span class='ocr_line' id='line_1_18' title="bbox 55 1739 742 1820; baseline 0 -18"><span class='ocrx_word' id='word_1_105' title='bbox 55 1742 137 1820; x_wconf 88' lang='lat' dir='ltr'>ipsas</span> <span class='ocrx_word' id='word_1_106' title='bbox 158 1739 327 1801; x_wconf 89' lang='lat' dir='ltr'>misericors</span> <span class='ocrx_word' id='word_1_107' title='bbox 349 1741 448 1801; x_wconf 91' lang='lat' dir='ltr'>lorsan</span> <span class='ocrx_word' id='word_1_108' title='bbox 471 1758 629 1803; x_wconf 89' lang='lat' dir='ltr'>aerumnas</span> <span class='ocrx_word' id='word_1_109' title='bbox 651 1749 742 1816; x_wconf 92' lang='lat' dir='ltr'>amat;</span> 
     </span>
    </p>

    <p class='ocr_par' dir='ltr' id='par_1_9' title="bbox 55 1824 738 1904">
     <span class='ocr_line' id='line_1_19' title="bbox 55 1824 738 1904; baseline 0 -18"><span class='ocrx_word' id='word_1_110' title='bbox 55 1826 116 1886; x_wconf 93' lang='lat' dir='ltr'>hoc</span> <span class='ocrx_word' id='word_1_111' title='bbox 138 1825 277 1886; x_wconf 89' lang='lat' dir='ltr'>usitatum</span> <span class='ocrx_word' id='word_1_112' title='bbox 300 1834 346 1886; x_wconf 93' lang='lat' dir='ltr'>est</span> <span class='ocrx_word' id='word_1_113' title='bbox 368 1824 504 1886; x_wconf 87' lang='lat' dir='ltr'>Herculi:</span> <span class='ocrx_word' id='word_1_114' title='bbox 530 1834 630 1904; x_wconf 94' lang='lat' dir='ltr'>captas</span> <span class='ocrx_word' id='word_1_115' title='bbox 653 1833 738 1887; x_wconf 91' lang='lat' dir='ltr'>amat.</span> 
     </span>
    </p>

    <p class='ocr_par' dir='ltr' id='par_1_10' title="bbox 56 1908 860 2159">
     <span class='ocr_line' id='line_1_20' title="bbox 56 1908 806 1990; baseline 0 -19"><span class='ocrx_word' id='word_1_116' title='bbox 56 1928 122 1971; x_wconf 82' lang='lat' dir='ltr'>nur.</span> <span class='ocrx_word' id='word_1_117' title='bbox 166 1908 277 1970; x_wconf 86' lang='lat' dir='ltr'>Dilecta</span> <span class='ocrx_word' id='word_1_118' title='bbox 298 1908 406 1970; x_wconf 83' lang='lat' dir='ltr'>Priami</span> <span class='ocrx_word' id='word_1_119' title='bbox 429 1929 537 1990; x_wconf 92' lang='lat' dir='ltr'>nempe</span> <span class='ocrx_word' id='word_1_120' title='bbox 559 1909 697 1971; x_wconf 86' lang='lat' dir='ltr'>Dardanii</span> <span class='ocrx_word' id='word_1_121' title='bbox 720 1929 806 1971; x_wconf 90' lang='lat' dir='ltr'>soror</span> 
     </span>
     <span class='ocr_line' id='line_1_21' title="bbox 58 1994 860 2075; baseline 0.001 -20"><span class='ocrx_word' id='word_1_122' title='bbox 58 2013 200 2056; x_wconf 91' lang='lat' dir='ltr'>concessa</span> <span class='ocrx_word' id='word_1_123' title='bbox 224 1994 332 2055; x_wconf 85' lang='lat' dir='ltr'>famula</span> <span class='ocrx_word' id='word_1_124' title='bbox 354 2004 413 2068; x_wconf 89' lang='lat' dir='ltr'>est;</span> <span class='ocrx_word' id='word_1_125' title='bbox 436 1995 518 2056; x_wconf 89' lang='lat' dir='ltr'>adice</span> <span class='ocrx_word' id='word_1_126' title='bbox 540 2003 614 2073; x_wconf 86' lang='lat' dir='ltr'>quot</span> <span class='ocrx_word' id='word_1_127' title='bbox 636 2003 744 2074; x_wconf 88' lang='lat' dir='ltr'>nuptas</span> <span class='ocrx_word' id='word_1_128' title='bbox 765 1995 860 2075; x_wconf 89' lang='lat' dir='ltr'>prius,</span> 
     </span>
     <span class='ocr_line' id='line_1_22' title="bbox 59 2078 677 2159; baseline -0.002 -19"><span class='ocrx_word' id='word_1_129' title='bbox 59 2088 133 2158; x_wconf 94' lang='lat' dir='ltr'>quot</span> <span class='ocrx_word' id='word_1_130' title='bbox 155 2079 283 2157; x_wconf 84' lang='lat' dir='ltr'>virgines</span> <span class='ocrx_word' id='word_1_131' title='bbox 307 2078 420 2140; x_wconf 87' lang='lat' dir='ltr'>dilexit:</span> <span class='ocrx_word' id='word_1_132' title='bbox 450 2079 557 2140; x_wconf 88' lang='lat' dir='ltr'>erravit</span> <span class='ocrx_word' id='word_1_133' title='bbox 578 2098 677 2159; x_wconf 84' lang='lat' dir='ltr'>vagus.</span> 
     </span>
    </p>

    <p class='ocr_par' dir='ltr' id='par_1_11' title="bbox 57 2163 722 2243">
     <span class='ocr_line' id='line_1_23' title="bbox 57 2163 722 2243; baseline -0.003 -18"><span class='ocrx_word' id='word_1_134' title='bbox 57 2164 182 2225; x_wconf 81' lang='lat' dir='ltr'>Arcadia</span> <span class='ocrx_word' id='word_1_135' title='bbox 204 2182 311 2243; x_wconf 92' lang='lat' dir='ltr'>nempe</span> <span class='ocrx_word' id='word_1_136' title='bbox 333 2164 425 2242; x_wconf 85' lang='lat' dir='ltr'>virgo,</span> <span class='ocrx_word' id='word_1_137' title='bbox 448 2163 592 2225; x_wconf 88' lang='lat' dir='ltr'>Palladios</span> <span class='ocrx_word' id='word_1_138' title='bbox 614 2165 722 2224; x_wconf 88' lang='lat' dir='ltr'>choros</span> 
     </span>
    </p>

    <p class='ocr_par' dir='ltr' id='par_1_12' title="bbox 58 2248 863 2580">
     <span class='ocr_line' id='line_1_24' title="bbox 59 2248 817 2328; baseline 0 -19"><span class='ocrx_word' id='word_1_139' title='bbox 59 2249 131 2310; x_wconf 92' lang='lat' dir='ltr'>dum</span> <span class='ocrx_word' id='word_1_140' title='bbox 154 2250 255 2323; x_wconf 85' lang='lat' dir='ltr'>nectit,</span> <span class='ocrx_word' id='word_1_141' title='bbox 278 2250 370 2326; x_wconf 81' lang='lat' dir='ltr'>Auge,</span> <span class='ocrx_word' id='word_1_142' title='bbox 393 2248 451 2308; x_wconf 88' lang='lat' dir='ltr'>vim</span> <span class='ocrx_word' id='word_1_143' title='bbox 473 2249 570 2328; x_wconf 90' lang='lat' dir='ltr'>stupri</span> <span class='ocrx_word' id='word_1_144' title='bbox 592 2266 678 2328; x_wconf 90' lang='lat' dir='ltr'>passa</span> <span class='ocrx_word' id='word_1_145' title='bbox 701 2248 817 2324; x_wconf 82' lang='lat' dir='ltr'>excidit,</span> 
     </span>
     <span class='ocr_line' id='line_1_25' title="bbox 59 2333 790 2411; baseline -0.003 -15"><span class='ocrx_word' id='word_1_146' title='bbox 59 2333 232 2411; x_wconf 87' lang='lat' dir='ltr'>nullamque</span> <span class='ocrx_word' id='word_1_147' title='bbox 254 2333 362 2394; x_wconf 91' lang='lat' dir='ltr'>amoris</span> <span class='ocrx_word' id='word_1_148' title='bbox 385 2333 528 2395; x_wconf 88' lang='lat' dir='ltr'>Hercules</span> <span class='ocrx_word' id='word_1_149' title='bbox 550 2334 658 2395; x_wconf 88' lang='lat' dir='ltr'>retinet</span> <span class='ocrx_word' id='word_1_150' title='bbox 681 2342 790 2395; x_wconf 91' lang='lat' dir='ltr'>notam.</span> 
     </span>
     <span class='ocr_line' id='line_1_26' title="bbox 59 2416 863 2499; baseline 0.004 -20"><span class='ocrx_word' id='word_1_151' title='bbox 59 2418 185 2479; x_wconf 78' lang='lat' dir='ltr'>referam</span> <span class='ocrx_word' id='word_1_152' title='bbox 210 2418 279 2496; x_wconf 93' lang='lat' dir='ltr'>quid</span> <span class='ocrx_word' id='word_1_153' title='bbox 302 2416 394 2479; x_wconf 79' lang='lat' dir='ltr'>alias?</span> <span class='ocrx_word' id='word_1_154' title='bbox 426 2436 533 2498; x_wconf 91' lang='lat' dir='ltr'>nempe</span> <span class='ocrx_word' id='word_1_155' title='bbox 556 2418 737 2499; x_wconf 84' lang='lat' dir='ltr'>Thespiades</span> <span class='ocrx_word' id='word_1_156' title='bbox 759 2428 863 2481; x_wconf 86' lang='lat' dir='ltr'>vacant</span> 
     </span>
     <span class='ocr_line' id='line_1_27' title="bbox 58 2503 668 2580; baseline 0.002 -16"><span class='ocrx_word' id='word_1_157' title='bbox 58 2503 202 2580; x_wconf 87' lang='lat' dir='ltr'>brevique</span> <span class='ocrx_word' id='word_1_158' title='bbox 224 2503 256 2563; x_wconf 92' lang='lat' dir='ltr'>in</span> <span class='ocrx_word' id='word_1_159' title='bbox 278 2503 341 2564; x_wconf 91' lang='lat' dir='ltr'>illas</span> <span class='ocrx_word' id='word_1_160' title='bbox 364 2503 435 2564; x_wconf 88' lang='lat' dir='ltr'>arsit</span> <span class='ocrx_word' id='word_1_161' title='bbox 457 2503 573 2565; x_wconf 84' lang='lat' dir='ltr'>Alcides</span> <span class='ocrx_word' id='word_1_162' title='bbox 594 2504 668 2565; x_wconf 86' lang='lat' dir='ltr'>face.</span> 
     </span>
    </p>

    <p class='ocr_par' dir='ltr' id='par_1_13' title="bbox 58 2587 668 2667">
     <span class='ocr_line' id='line_1_28' title="bbox 58 2587 668 2667; baseline 0.002 -19"><span class='ocrx_word' id='word_1_163' title='bbox 58 2589 170 2667; x_wconf 88' lang='lat' dir='ltr'>hospes</span> <span class='ocrx_word' id='word_1_164' title='bbox 193 2587 299 2647; x_wconf 88' lang='lat' dir='ltr'>Timoli</span> <span class='ocrx_word' id='word_1_165' title='bbox 321 2587 442 2667; x_wconf 78' lang='lat' dir='ltr'>Lydiam</span> <span class='ocrx_word' id='word_1_166' title='bbox 465 2588 536 2649; x_wconf 86' lang='lat' dir='ltr'>fovit</span> <span class='ocrx_word' id='word_1_167' title='bbox 558 2607 668 2650; x_wconf 91' lang='lat' dir='ltr'>nurum</span> 
     </span>
    </p>

    <p class='ocr_par' dir='ltr' id='par_1_14' title="bbox 60 2672 710 2751">
     <span class='ocr_line' id='line_1_29' title="bbox 60 2672 710 2751; baseline 0 -18"><span class='ocrx_word' id='word_1_168' title='bbox 60 2684 90 2733; x_wconf 93' lang='lat' dir='ltr'>et</span> <span class='ocrx_word' id='word_1_169' title='bbox 113 2690 211 2732; x_wconf 92' lang='lat' dir='ltr'>amore</span> <span class='ocrx_word' id='word_1_170' title='bbox 234 2680 337 2751; x_wconf 92' lang='lat' dir='ltr'>captus</span> <span class='ocrx_word' id='word_1_171' title='bbox 360 2673 394 2735; x_wconf 95' lang='lat' dir='ltr'>ad</span> <span class='ocrx_word' id='word_1_172' title='bbox 417 2672 495 2734; x_wconf 90' lang='lat' dir='ltr'>leves</span> <span class='ocrx_word' id='word_1_173' title='bbox 518 2673 594 2734; x_wconf 91' lang='lat' dir='ltr'>sedit</span> <span class='ocrx_word' id='word_1_174' title='bbox 616 2674 710 2749; x_wconf 88' lang='lat' dir='ltr'>colus,</span> 
     </span>
    </p>

    <p class='ocr_par' dir='ltr' id='par_1_15' title="bbox 60 2757 727 2836">
     <span class='ocr_line' id='line_1_30' title="bbox 60 2757 727 2836; baseline 0.001 -19"><span class='ocrx_word' id='word_1_175' title='bbox 60 2757 153 2818; x_wconf 91' lang='lat' dir='ltr'>udum</span> <span class='ocrx_word' id='word_1_176' title='bbox 176 2758 269 2817; x_wconf 84' lang='lat' dir='ltr'>feroci</span> <span class='ocrx_word' id='word_1_177' title='bbox 292 2767 404 2818; x_wconf 91' lang='lat' dir='ltr'>stamen</span> <span class='ocrx_word' id='word_1_178' title='bbox 428 2758 605 2836; x_wconf 91' lang='lat' dir='ltr'>intorquens</span> <span class='ocrx_word' id='word_1_179' title='bbox 627 2775 727 2818; x_wconf 87' lang='lat' dir='ltr'>manu.</span> 
     </span>
    </p>

    <p class='ocr_par' dir='ltr' id='par_1_16' title="bbox 60 2841 787 3174">
     <span class='ocr_line' id='line_1_31' title="bbox 61 2841 736 2921; baseline 0.001 -19"><span class='ocrx_word' id='word_1_180' title='bbox 61 2859 170 2920; x_wconf 89' lang='lat' dir='ltr'>nempe</span> <span class='ocrx_word' id='word_1_181' title='bbox 192 2841 239 2902; x_wconf 92' lang='lat' dir='ltr'>illa</span> <span class='ocrx_word' id='word_1_182' title='bbox 262 2843 359 2902; x_wconf 87' lang='lat' dir='ltr'>cervix</span> <span class='ocrx_word' id='word_1_183' title='bbox 382 2842 474 2920; x_wconf 92' lang='lat' dir='ltr'>spolia</span> <span class='ocrx_word' id='word_1_184' title='bbox 497 2842 635 2921; x_wconf 88' lang='lat' dir='ltr'>deposuit</span> <span class='ocrx_word' id='word_1_185' title='bbox 656 2843 736 2903; x_wconf 87' lang='lat' dir='ltr'>ferae</span> 
     </span>
     <span class='ocr_line' id='line_1_32' title="bbox 62 2925 787 3005; baseline 0.003 -19"><span class='ocrx_word' id='word_1_186' title='bbox 62 2926 236 3005; x_wconf 89' lang='lat' dir='ltr'>crinemque</span> <span class='ocrx_word' id='word_1_187' title='bbox 258 2926 344 2987; x_wconf 88' lang='lat' dir='ltr'>mitra</span> <span class='ocrx_word' id='word_1_188' title='bbox 366 2928 476 3005; x_wconf 90' lang='lat' dir='ltr'>pressit</span> <span class='ocrx_word' id='word_1_189' title='bbox 498 2936 526 2987; x_wconf 90' lang='lat' dir='ltr'>et</span> <span class='ocrx_word' id='word_1_190' title='bbox 546 2926 675 2987; x_wconf 81' lang='lat' dir='ltr'>famulus</span> <span class='ocrx_word' id='word_1_191' title='bbox 698 2925 787 3002; x_wconf 88' lang='lat' dir='ltr'>stetit,</span> 
     </span>
     <span class='ocr_line' id='line_1_33' title="bbox 60 3010 764 3090; baseline -0.001 -18"><span class='ocrx_word' id='word_1_192' title='bbox 60 3012 170 3072; x_wconf 89' lang='lat' dir='ltr'>hirtam</span> <span class='ocrx_word' id='word_1_193' title='bbox 193 3010 302 3072; x_wconf 88' lang='lat' dir='ltr'>Sabaea</span> <span class='ocrx_word' id='word_1_194' title='bbox 325 3012 473 3073; x_wconf 89' lang='lat' dir='ltr'>marcidus</span> <span class='ocrx_word' id='word_1_195' title='bbox 495 3012 613 3090; x_wconf 82' lang='lat' dir='ltr'>myrrha</span> <span class='ocrx_word' id='word_1_196' title='bbox 636 3029 764 3071; x_wconf 91' lang='lat' dir='ltr'>comam:</span> 
     </span>
     <span class='ocr_line' id='line_1_34' title="bbox 62 3094 651 3174; baseline 0 -18"><span class='ocrx_word' id='word_1_197' title='bbox 62 3095 174 3174; x_wconf 89' lang='lat' dir='ltr'>ubique</span> <span class='ocrx_word' id='word_1_198' title='bbox 196 3094 294 3171; x_wconf 90' lang='lat' dir='ltr'>caluit,</span> <span class='ocrx_word' id='word_1_199' title='bbox 317 3097 367 3157; x_wconf 91' lang='lat' dir='ltr'>sed</span> <span class='ocrx_word' id='word_1_200' title='bbox 390 3096 446 3157; x_wconf 89' lang='lat' dir='ltr'>levi</span> <span class='ocrx_word' id='word_1_201' title='bbox 469 3096 557 3157; x_wconf 89' lang='lat' dir='ltr'>caluit</span> <span class='ocrx_word' id='word_1_202' title='bbox 578 3097 651 3156; x_wconf 86' lang='lat' dir='ltr'>face.</span> 
     </span>
    </p>
   </div>
   <div class='ocr_carea' id='block_1_3' title="bbox 61 3247 267 3257">
    <p class='ocr_par' dir='ltr' id='par_1_17' title="bbox 61 3247 267 3257">
     <span class='ocr_line' id='line_1_35' title="bbox 61 3247 267 3257; baseline -0.005 -1"><span class='ocrx_word' id='word_1_203' title='bbox 61 3247 267 3257; x_wconf 76' lang='lat'>--—-—-·-</span> 
     </span>
    </p>
   </div>
   <div class='ocr_carea' id='block_1_4' title="bbox 61 3344 1142 4022">
    <p class='ocr_par' dir='ltr' id='par_1_18' title="bbox 61 3344 1142 4022">
     <span class='ocr_line' id='line_1_36' title="bbox 150 3344 1137 3413; baseline -0.002 -15"><span class='ocrx_word' id='word_1_204' title='bbox 150 3349 200 3398; x_wconf 78' lang='lat'>346</span> <span class='ocrx_word' id='word_1_205' title='bbox 218 3346 327 3398; x_wconf 83' lang='lat' dir='ltr'>arellam</span> <span class='ocrx_word' id='word_1_206' title='bbox 343 3345 389 3408; x_wconf 86' lang='grc' dir='ltr'>Ες</span> <span class='ocrx_word' id='word_1_207' title='bbox 459 3347 509 3398; x_wconf 73' lang='grc'>333</span> <span class='ocrx_word' id='word_1_208' title='bbox 529 3361 553 3400; x_wconf 94' lang='lat' dir='ltr'>u.</span> <span class='ocrx_word' id='word_1_209' title='bbox 572 3344 597 3399; x_wconf 85' lang='lat' dir='ltr'>d.</span> <span class='ocrx_word' id='word_1_210' title='bbox 613 3344 617 3413; x_wconf 81' lang='grc'>1</span> <span class='ocrx_word' id='word_1_211' title='bbox 633 3361 666 3398; x_wconf 92' lang='lat' dir='ltr'>m.</span> <span class='ocrx_word' id='word_1_212' title='bbox 684 3362 710 3412; x_wconf 92' lang='lat' dir='ltr'>q.</span> <span class='ocrx_word' id='word_1_213' title='bbox 729 3361 750 3397; x_wconf 88' lang='lat' dir='ltr'>c.</span> <span class='ocrx_word' id='word_1_214' title='bbox 770 3348 790 3396; x_wconf 89' lang='lat' dir='ltr'>t.</span> <span class='ocrx_word' id='word_1_215' title='bbox 809 3344 911 3395; x_wconf 78' lang='lat' dir='ltr'>ductus</span> <span class='ocrx_word' id='word_1_216' title='bbox 929 3347 1047 3396; x_wconf 62' lang='lat' dir='ltr'>omnbus</span> <span class='ocrx_word' id='word_1_217' title='bbox 1059 3344 1092 3398; x_wconf 91' lang='grc' dir='ltr'>Ε.</span> <span class='ocrx_word' id='word_1_218' title='bbox 1106 3373 1137 3384; x_wconf 92' lang='grc'><strong>-</strong></span> 
     </span>
     <span class='ocr_line' id='line_1_37' title="bbox 61 3411 1138 3480; baseline -0.001 -15"><span class='ocrx_word' id='word_1_219' title='bbox 61 3428 151 3466; x_wconf 84' lang='lat' dir='ltr'>casum</span> <span class='ocrx_word' id='word_1_220' title='bbox 169 3413 246 3468; x_wconf 81' lang='lat' dir='ltr'>codd.</span> <span class='ocrx_word' id='word_1_221' title='bbox 266 3417 388 3465; x_wconf 74' lang='lat' dir='ltr'>corrcmit</span> <span class='ocrx_word' id='word_1_222' title='bbox 397 3414 506 3480; x_wconf 77' lang='lat' dir='ltr'>Lipsius</span> <span class='ocrx_word' id='word_1_223' title='bbox 524 3415 733 3480; x_wconf 81' lang='lat' dir='ltr'>(Hordipolcmio</span> <span class='ocrx_word' id='word_1_224' title='bbox 751 3418 778 3465; x_wconf 84' lang='lat' dir='ltr'>al</span> <span class='ocrx_word' id='word_1_225' title='bbox 789 3411 906 3464; x_wconf 76' lang='lat' dir='ltr'>Vertotao</span> <span class='ocrx_word' id='word_1_226' title='bbox 924 3412 983 3466; x_wconf 74' lang='lat' dir='ltr'>eda.</span> <span class='ocrx_word' id='word_1_227' title='bbox 1002 3419 1065 3465; x_wconf 77' lang='lat' dir='ltr'>teste</span> <span class='ocrx_word' id='word_1_228' title='bbox 1076 3414 1138 3464; x_wconf 88' lang='lat' dir='ltr'>Del·</span> 
     </span>
     <span class='ocr_line' id='line_1_38' title="bbox 62 3479 1140 3550; baseline 0.001 -17"><span class='ocrx_word' id='word_1_229' title='bbox 62 3483 117 3546; x_wconf 84' lang='lat' dir='ltr'>rto)</span> <span class='ocrx_word' id='word_1_230' title='bbox 186 3484 236 3534; x_wconf 82' lang='grc'>353</span> <span class='ocrx_word' id='word_1_231' title='bbox 255 3481 314 3533; x_wconf 92' lang='lat' dir='ltr'>dum</span> <span class='ocrx_word' id='word_1_232' title='bbox 333 3483 431 3533; x_wconf 90' lang='lat' dir='ltr'>starent</span> <span class='ocrx_word' id='word_1_233' title='bbox 446 3482 549 3533; x_wconf 85' lang='lat' dir='ltr'>loresA</span> <span class='ocrx_word' id='word_1_234' title='bbox 619 3484 668 3533; x_wconf 77' lang='lat' dir='ltr'>att</span> <span class='ocrx_word' id='word_1_235' title='bbox 687 3479 723 3548; x_wconf 93' lang='lat' dir='ltr'>in]</span> <span class='ocrx_word' id='word_1_236' title='bbox 743 3481 809 3534; x_wconf 89' lang='lat' dir='ltr'>euim</span> <span class='ocrx_word' id='word_1_237' title='bbox 827 3479 852 3530; x_wconf 93' lang='grc' dir='ltr'><em>Ε</em></span> <span class='ocrx_word' id='word_1_238' title='bbox 921 3484 971 3534; x_wconf 77' lang='grc'>356</span> <span class='ocrx_word' id='word_1_239' title='bbox 990 3481 1140 3550; x_wconf 83' lang='lat' dir='ltr'>vultumque</span> 
     </span>
     <span class='ocr_line' id='line_1_39' title="bbox 61 3548 1141 3616; baseline 0 -15"><span class='ocrx_word' id='word_1_240' title='bbox 61 3549 97 3602; x_wconf 90' lang='grc' dir='ltr'>Ε.</span> <span class='ocrx_word' id='word_1_241' title='bbox 115 3577 149 3585; x_wconf 97' lang='grc'><strong>-</strong></span> <span class='ocrx_word' id='word_1_242' title='bbox 172 3548 216 3600; x_wconf 89' lang='lat' dir='ltr'>illo</span> <span class='ocrx_word' id='word_1_243' title='bbox 241 3549 317 3601; x_wconf 84' lang='lat' dir='ltr'>codd.</span> <span class='ocrx_word' id='word_1_244' title='bbox 344 3553 465 3600; x_wconf 70' lang='lat' dir='ltr'>correxit</span> <span class='ocrx_word' id='word_1_245' title='bbox 488 3549 521 3602; x_wconf 88' lang='lat' dir='ltr'>N.</span> <span class='ocrx_word' id='word_1_246' title='bbox 540 3550 665 3600; x_wconf 76' lang='lat' dir='ltr'>Heinsius</span> <span class='ocrx_word' id='word_1_247' title='bbox 690 3548 749 3600; x_wconf 86' lang='lat' dir='ltr'>adv.</span> <span class='ocrx_word' id='word_1_248' title='bbox 770 3564 800 3615; x_wconf 86' lang='lat' dir='ltr'>p.</span> <span class='ocrx_word' id='word_1_249' title='bbox 819 3548 870 3600; x_wconf 83' lang='grc'>441</span> <span class='ocrx_word' id='word_1_250' title='bbox 948 3551 998 3601; x_wconf 78' lang='lat' dir='ltr'>ata</span> <span class='ocrx_word' id='word_1_251' title='bbox 1021 3549 1141 3616; x_wconf 54' lang='lat' dir='ltr'>ipsam?</span> 
     </span>
     <span class='ocr_line' id='line_1_40' title="bbox 63 3617 1142 3683; baseline 0 -13"><span class='ocrx_word' id='word_1_252' title='bbox 63 3619 115 3670; x_wconf 80' lang='lat'>362</span> <span class='ocrx_word' id='word_1_253' title='bbox 133 3632 183 3668; x_wconf 85' lang='lat' dir='ltr'>om.</span> <span class='ocrx_word' id='word_1_254' title='bbox 202 3617 235 3668; x_wconf 94' lang='grc' dir='ltr'>Ε.</span> <span class='ocrx_word' id='word_1_255' title='bbox 257 3645 291 3656; x_wconf 89' lang='lat'>-</span> <span class='ocrx_word' id='word_1_256' title='bbox 314 3619 418 3668; x_wconf 82' lang='lat' dir='ltr'>nutrici</span> <span class='ocrx_word' id='word_1_257' title='bbox 441 3618 565 3668; x_wconf 82' lang='lat' dir='ltr'>daturA</span> <span class='ocrx_word' id='word_1_258' title='bbox 591 3617 839 3668; x_wconf 68' lang='lat' dir='ltr'>concatenentur</span> <span class='ocrx_word' id='word_1_259' title='bbox 919 3619 968 3670; x_wconf 75' lang='lat' dir='ltr'>toa</span> <span class='ocrx_word' id='word_1_260' title='bbox 992 3617 1090 3683; x_wconf 87' lang='lat' dir='ltr'>priamo</span> <span class='ocrx_word' id='word_1_261' title='bbox 1115 3623 1142 3671; x_wconf 83' lang='lat' dir='ltr'>et</span> 
     </span>
     <span class='ocr_line' id='line_1_41' title="bbox 62 3683 1140 3752; baseline 0.003 -16"><span class='ocrx_word' id='word_1_262' title='bbox 62 3683 186 3752; x_wconf 71' lang='lat' dir='ltr'>primog</span> <span class='ocrx_word' id='word_1_263' title='bbox 254 3687 304 3738; x_wconf 82' lang='grc'>364</span> <span class='ocrx_word' id='word_1_264' title='bbox 328 3683 460 3749; x_wconf 67' lang='grc' dir='ltr'>ἰειηιιίος</span> <span class='ocrx_word' id='word_1_265' title='bbox 529 3687 579 3739; x_wconf 87' lang='grc'>366</span> <span class='ocrx_word' id='word_1_266' title='bbox 603 3683 722 3736; x_wconf 84' lang='lat' dir='ltr'>archadia</span> <span class='ocrx_word' id='word_1_267' title='bbox 739 3684 765 3734; x_wconf 92' lang='grc' dir='ltr'><em>Ε</em></span> <span class='ocrx_word' id='word_1_268' title='bbox 840 3685 891 3737; x_wconf 87' lang='grc'>368</span> <span class='ocrx_word' id='word_1_269' title='bbox 909 3684 1002 3736; x_wconf 86' lang='lat' dir='ltr'>retinet</span> <span class='ocrx_word' id='word_1_270' title='bbox 1024 3686 1140 3739; x_wconf 83' lang='lat' dir='ltr'>Herculei</span> 
     </span>
     <span class='ocr_line' id='line_1_42' title="bbox 63 3751 1142 3820; baseline 0.003 -16"><span class='ocrx_word' id='word_1_271' title='bbox 63 3757 153 3805; x_wconf 88' lang='lat' dir='ltr'>uotam</span> <span class='ocrx_word' id='word_1_272' title='bbox 171 3753 197 3803; x_wconf 97' lang='lat' dir='ltr'><em>A</em></span> <span class='ocrx_word' id='word_1_273' title='bbox 213 3753 306 3805; x_wconf 87' lang='lat' dir='ltr'>retinet</span> <span class='ocrx_word' id='word_1_274' title='bbox 323 3751 437 3804; x_wconf 88' lang='lat' dir='ltr'>Herculis</span> <span class='ocrx_word' id='word_1_275' title='bbox 456 3757 543 3805; x_wconf 91' lang='lat' dir='ltr'>notam</span> <span class='ocrx_word' id='word_1_276' title='bbox 560 3753 586 3805; x_wconf 89' lang='grc' dir='ltr'><em>Ε</em></span> <span class='ocrx_word' id='word_1_277' title='bbox 604 3756 714 3805; x_wconf 73' lang='lat' dir='ltr'>corrono·</span> <span class='ocrx_word' id='word_1_278' title='bbox 730 3752 765 3813; x_wconf 68' lang='lat' dir='ltr'>ef.</span> <span class='ocrx_word' id='word_1_279' title='bbox 783 3753 805 3819; x_wconf 89' lang='lat' dir='ltr'>l,</span> <span class='ocrx_word' id='word_1_280' title='bbox 823 3752 841 3804; x_wconf 89' lang='lat'><em>3</em></span> <span class='ocrx_word' id='word_1_281' title='bbox 893 3754 942 3806; x_wconf 84' lang='grc'>363</span> <span class='ocrx_word' id='word_1_282' title='bbox 961 3751 1102 3820; x_wconf 86' lang='lat' dir='ltr'>Thespidcs</span> <span class='ocrx_word' id='word_1_283' title='bbox 1117 3755 1142 3806; x_wconf 91' lang='grc' dir='ltr'><em>Ε</em></span> 
     </span>
     <span class='ocr_line' id='line_1_43' title="bbox 62 3819 1141 3889; baseline 0.003 -16"><span class='ocrx_word' id='word_1_284' title='bbox 62 3835 140 3873; x_wconf 86' lang='lat' dir='ltr'>mene</span> <span class='ocrx_word' id='word_1_285' title='bbox 159 3819 314 3886; x_wconf 85' lang='lat' dir='ltr'>Thespiades</span> <span class='ocrx_word' id='word_1_286' title='bbox 332 3821 445 3871; x_wconf 77' lang='lat' dir='ltr'>vocanti</span> <span class='ocrx_word' id='word_1_287' title='bbox 463 3821 488 3871; x_wconf 84' lang='lat' dir='ltr'><em>A</em></span> <span class='ocrx_word' id='word_1_288' title='bbox 556 3825 605 3874; x_wconf 80' lang='lat' dir='ltr'>att</span> <span class='ocrx_word' id='word_1_289' title='bbox 625 3820 650 3873; x_wconf 89' lang='lat' dir='ltr'>h.</span> <span class='ocrx_word' id='word_1_290' title='bbox 669 3819 828 3889; x_wconf 83' lang='lat' dir='ltr'>tymolidiam</span> <span class='ocrx_word' id='word_1_291' title='bbox 847 3820 863 3871; x_wconf 84' lang='lat' dir='ltr'>s.</span> <span class='ocrx_word' id='word_1_292' title='bbox 882 3835 907 3873; x_wconf 91' lang='lat' dir='ltr'>n.</span> <span class='ocrx_word' id='word_1_293' title='bbox 924 3820 950 3871; x_wconf 93' lang='grc' dir='ltr'><em>Ε</em></span> <span class='ocrx_word' id='word_1_294' title='bbox 1002 3823 1051 3874; x_wconf 76' lang='grc'>372</span> <span class='ocrx_word' id='word_1_295' title='bbox 1071 3823 1141 3876; x_wconf 86' lang='lat' dir='ltr'>colos</span> 
     </span>
     <span class='ocr_line' id='line_1_44' title="bbox 63 3886 1140 3952; baseline 0.003 -12"><span class='ocrx_word' id='word_1_296' title='bbox 63 3888 129 3952; x_wconf 82' lang='grc' dir='ltr'>ΕΑ,</span> <span class='ocrx_word' id='word_1_297' title='bbox 148 3886 183 3948; x_wconf 78' lang='lat' dir='ltr'>cs.</span> <span class='ocrx_word' id='word_1_298' title='bbox 201 3888 223 3950; x_wconf 91' lang='lat'>1,</span> <span class='ocrx_word' id='word_1_299' title='bbox 241 3888 273 3939; x_wconf 88' lang='grc'>61</span> <span class='ocrx_word' id='word_1_300' title='bbox 343 3890 393 3940; x_wconf 81' lang='grc'>373</span> <span class='ocrx_word' id='word_1_301' title='bbox 411 3904 489 3941; x_wconf 90' lang='lat' dir='ltr'>unum</span> <span class='ocrx_word' id='word_1_302' title='bbox 508 3890 533 3941; x_wconf 89' lang='lat' dir='ltr'><em>A</em></span> <span class='ocrx_word' id='word_1_303' title='bbox 557 3889 641 3941; x_wconf 85' lang='lat' dir='ltr'>colum</span> <span class='ocrx_word' id='word_1_304' title='bbox 659 3888 676 3942; x_wconf 85' lang='lat' dir='ltr'>l.</span> <span class='ocrx_word' id='word_1_305' title='bbox 694 3890 719 3941; x_wconf 97' lang='grc' dir='ltr'><em>Ε</em></span> <span class='ocrx_word' id='word_1_306' title='bbox 743 3891 864 3941; x_wconf 65' lang='lat' dir='ltr'>conexit</span> <span class='ocrx_word' id='word_1_307' title='bbox 883 3887 912 3943; x_wconf 85' lang='lat' dir='ltr'>G.</span> <span class='ocrx_word' id='word_1_308' title='bbox 932 3887 1061 3942; x_wconf 77' lang='lat' dir='ltr'>Gentem</span> <span class='ocrx_word' id='word_1_309' title='bbox 1079 3907 1140 3943; x_wconf 83' lang='lat' dir='ltr'>noo.</span> 
     </span>
     <span class='ocr_line' id='line_1_45' title="bbox 63 3955 436 4022; baseline 0 -15"><span class='ocrx_word' id='word_1_310' title='bbox 63 3957 125 4008; x_wconf 82' lang='lat' dir='ltr'>loct.</span> <span class='ocrx_word' id='word_1_311' title='bbox 142 3971 170 4022; x_wconf 84' lang='lat' dir='ltr'>p.</span> <span class='ocrx_word' id='word_1_312' title='bbox 191 3955 240 4007; x_wconf 87' lang='lat'>137</span> <span class='ocrx_word' id='word_1_313' title='bbox 257 3984 291 3994; x_wconf 95' lang='lat'>-</span> <span class='ocrx_word' id='word_1_314' title='bbox 309 3961 393 4008; x_wconf 63' lang='lat' dir='ltr'>umen</span> <span class='ocrx_word' id='word_1_315' title='bbox 411 3956 436 4007; x_wconf 94' lang='grc' dir='ltr'><em>Ε</em></span> 
     </span>
    </p>
   </div>
   <div class='ocr_carea' id='block_1_5' title="bbox 0 0 1307 4366">
    <p class='ocr_par' dir='ltr' id='par_1_19' title="bbox 0 0 1307 4366">
     <span class='ocr_line' id='line_1_46' title="bbox 0 0 1307 4366; baseline 0 0"><span class='ocrx_word' id='word_1_316' title='bbox 0 0 1307 4366; x_wconf 95' lang='lat' dir='ltr'> </span> 
     </span>
    </p>
   </div>
  </div>
 </body>
</html>
