2602 4380
49 186 51 192 ’
142 198 163 260 4
527 211 555 252 ι.
572 209 677 253 anunm
692 209 819 252 snuucau

142 365 313 445 pariterque
329 368 416 422 natus
431 367 507 422 astra
523 360 668 440 promissa
684 366 820 440 occupet,

142 445 173 511 in
190 449 275 511 cuius
291 454 374 508 ortus
388 445 518 507 mundus
532 444 678 525 impendit
691 444 768 507 diem

142 534 305 612 tardusque
320 532 383 593 Eoo
398 529 537 592 Phoebus
551 530 661 591 eliulsit
675 532 748 592 mari

143 620 272 680 retinere
287 633 416 678 mersum
433 615 532 676 iussus
547 616 666 677 Oceano
680 615 767 677 iubar
781 653 823 663 -

144 722 205 766 non
221 703 264 765 sic
278 702 402 765 abibunt
416 700 497 776 odia;
511 701 624 763 vivaces
639 710 706 780 aget

143 789 291 850 violentus
306 787 364 848 iras
379 784 496 847 animus
512 795 541 846 et
555 805 659 847 saevus
675 785 760 846 dolor

145 881 263 935 aeterna
278 872 354 933 bella
370 889 442 951 pace
457 870 570 933 sublata
586 878 677 948 geret.

231 957 312 1029 Quae
328 953 426 1018 bella?
456 955 599 1037 quidquid
615 955 768 1017 horridum
783 955 871 1018 tellus
887 961 967 1016 creat

146 1042 281 1118 inimica,
297 1040 440 1121 quidquid
456 1049 567 1121 pontus
582 1050 633 1102 aut
647 1059 697 1102 aer
712 1040 778 1102 tulit

145 1128 277 1190 terribile
293 1127 389 1188 dirum
405 1125 547 1205 pestilens
562 1132 646 1187 atrox
657 1127 763 1203 lerum,

146 1215 272 1275 fractum
288 1222 376 1292 atque
392 1211 535 1273 domitum
551 1220 605 1272 est.
633 1220 754 1292 superat
768 1220 798 1272 et
812 1209 920 1273 crescit
934 1210 1019 1273 malis

146 1299 249 1377 iraque
265 1307 365 1358 nostra
381 1297 507 1372 lruitur;
523 1296 554 1357 in
569 1296 673 1359 laudes
687 1313 756 1357 suas

146 1401 211 1445 mea
227 1383 314 1444 vertit
328 1381 410 1442 odia:
427 1382 497 1443 dum
514 1382 602 1443 nimis
617 1399 700 1443 saeva
716 1380 841 1461 impero,
953 1381 955 1385 ’

147 1476 262 1548 patrem
277 1465 408 1547 probavi,
425 1466 535 1544 gloriae
549 1466 606 1529 leci
619 1466 728 1528 locum.

148 1572 206 1633 qua
222 1551 273 1615 Sol
288 1552 434 1613 reducens
450 1569 568 1631 quaque
583 1551 738 1632 deponens
753 1552 830 1614 diem

148 1639 236 1700 binos
252 1637 421 1719 propinqua
436 1637 546 1716 tinguit
560 1637 719 1717 Aethiopas
733 1637 806 1714 lace,

150 1723 292 1784 indomita
306 1721 400 1783 virtus
415 1721 522 1783 colitur
538 1729 567 1783 et
580 1729 643 1783 toto
659 1723 731 1783 deus

150 1816 287 1870 narratur
302 1805 384 1869 orbe.
414 1815 545 1869 monstra
560 1807 617 1869 iam
633 1808 741 1869 desunt
755 1807 827 1870 mihi

151 1893 309 1973 minorque
323 1892 407 1954 labor
422 1899 467 1953 est
481 1891 602 1954 Herculi
618 1892 698 1954 iussa
714 1893 829 1972 exequi,

152 1997 240 2059 quarn
255 1977 328 2039 mihi
343 1976 461 2038 iubere:
488 1977 583 2039 laetus
598 1977 721 2057 imperia
737 1978 854 2059 excipit.

152 2082 227 2143 quae
241 2064 303 2124 lera
318 2062 435 2143 tyranni
451 2062 514 2123 iura
529 2062 658 2124 violento
675 2072 785 2141 queant

152 2166 261 2210 nocere
277 2144 398 2209 iuveni?
428 2164 536 2227 nempe
552 2146 688 2227 protelis
704 2147 779 2226 gerit

153 2251 228 2312 quae
243 2233 342 2294 timuit
356 2239 386 2293 et
401 2249 476 2311 quae
490 2232 580 2293 ludit:
597 2239 726 2294 armatus
741 2233 821 2295 venit

152 2319 240 2379 leone
255 2328 285 2379 et
298 2316 399 2397 hydra.
430 2334 487 2377 nec
501 2317 571 2378 satis
585 2324 681 2378 terrae
696 2325 812 2398 patent:

154 2403 269 2480 effregit
284 2420 352 2462 ecce
368 2401 459 2463 limen
474 2401 585 2463 inlerni
599 2400 676 2462 loris

155 2495 184 2549 et
199 2489 296 2567 opima
310 2486 379 2548 victi
395 2486 474 2566 regis
488 2487 525 2549 ad
539 2505 665 2566 superos
678 2487 779 2549 refert.

153 2573 211 2634 vidi
228 2573 301 2652 ipsa,
315 2571 373 2632 vidi
389 2580 477 2633 nocte
493 2572 626 2634 discussa
642 2572 770 2634 inlerum

156 2668 185 2720 et
200 2657 264 2719 Dite
280 2656 391 2718 domito
407 2656 501 2736 spolia
515 2657 670 2719 iactantem
687 2659 763 2739 patri

155 2743 294 2803 fraterna.
327 2759 381 2803 our
396 2759 457 2802 non
472 2743 602 2804 vinctum
619 2750 648 2804 et
662 2760 839 2823 oppressum
851 2741 939 2803 tralrit

156 2827 254 2907 ipsum
271 2827 382 2890 catenis
398 2827 478 2907 paria
494 2828 630 2890 sortitum
646 2828 707 2890 lovi

156 2912 314 2991 Ereboque
329 2918 414 2992 capto
431 2913 545 2992 potitur
561 2923 590 2976 et
605 2914 710 2994 retegit
726 2910 837 2993 Styga?

156 3016 261 3078 parum
278 3006 322 3059 est
336 2998 459 3075 reverti,
473 2999 578 3060 foedus
593 3000 764 3061 umbrarum
781 2999 872 3078 perit:

157 3083 299 3163 patefacta
316 3082 351 3144 ab
366 3083 436 3166 imis
448 3083 584 3145 manibus
599 3092 679 3146 retro
694 3083 738 3145 via
754 3091 799 3146 est

159 3175 189 3229 et
202 3186 284 3230 sacra
300 3167 381 3229 <lirae
396 3169 500 3230 mortis
515 3169 547 3230 in
563 3178 665 3249 aperto
680 3170 786 3232 iacent.

158 3253 260 3328 atille,
276 3262 365 3332 rupto
381 3271 499 3315 carcere
514 3254 686 3317 umbrarum
699 3255 793 3332 ferox,

243 3405 277 3454 24
294 3404 352 3453 ortu
361 3402 566 3470 A.-impediit
582 3408 601 3469 ς
652 3407 685 3459 26
702 3405 799 3457 iussus:
818 3419 862 3457 sus
878 3401 1070 3457 i.roa.1m.E
1123 3405 1155 3455 30
1174 3400 1234 3468 quid

157 3469 261 3534 bellag
330 3473 363 3522 34
380 3470 483 3524 fruitur:
502 3476 513 3523 t
531 3488 601 3524 corr.
619 3489 655 3523 oa
671 3488 697 3524 m
715 3472 846 3538 (2m‘llE
868 3472 975 3524 fruimur
991 3472 1017 3520 Σ
1085 3472 1117 3523 36
1136 3474 1234 3537 patrem

157 3536 283 3604 probavit.
310 3536 369 3589 inde
387 3554 437 3606 qua
454 3539 538 3592 lucem
555 3541 648 3608 premit
665 3542 690 3593 A
708 3547 735 3592 ot
751 3557 829 3592 arasa
844 3545 967 3606 genuino
985 3542 1132 3605 scriptura,
1153 3543 1235 3605 quom

156 3607 182 3655 Σ
197 3606 316 3670 praebet,
343 3606 368 3657 Ε
385 3607 404 3659 3
420 3623 455 3658 m.
534 3611 565 3662 ‘at
592 3609 723 3676 aperitque
741 3608 840 3679 Tethys
859 3608 968 3674 (Thetis)
990 3621 1039 3675 qua
1058 3606 1142 3659 lerens
1160 3605 1236 3658 Titan

156 3672 223 3725 diem
236 3673 448 3740 A.-reponens
466 3675 491 3727 E
508 3681 610 3740 συνης
679 3681 711 3731 38
730 3677 836 3744 tinguit:
854 3694 871 3730 u
890 3675 1047 3728 dal.1m.ll
1064 3675 1149 3742 tangit
1166 3679 1236 3740 ς.-

156 3740 319 3807 Aethyopes:
339 3757 366 3795 es
383 3744 444 3795 3m.
456 3748 538 3797 tras.
553 3745 604 3797 llll.
623 3759 651 3798 as
669 3746 694 3797 E
711 3753 738 3807 l·
749 3761 777 3798 as
794 3748 829 3812 Σ)
897 3747 931 3798 43
951 3760 1002 3812 quo
1019 3745 1053 3796 A.
1064 3773 1098 3783 -
1115 3744 1187 3796 iussa
1205 3742 1237 3803 A,

156 3813 176 3860 i.
194 3825 249 3860 ros.
269 3807 329 3861 2m.
349 3809 383 3874 Ν,
401 3826 428 3864 ss
444 3814 464 3862 ι’.
482 3829 536 3866 raa.
555 3816 571 3866 1
590 3813 701 3867 utum.
714 3813 739 3865 Ε
755 3814 811 3868 iura
827 3814 861 3866 M
925 3816 959 3866 49
977 3815 1075 3865 traieci
1090 3819 1152 3878 post
1169 3828 1194 3863 υ.
1203 3811 1238 3862 54

157 3878 190 3929 62
208 3877 304 3928 victum
323 3880 349 3943 ς.
367 3907 402 3919 -
419 3879 509 3934 trahit:
528 3882 545 3934 l1
563 3881 626 3933 odd.
643 3881 703 3936 2m.
722 3882 747 3933 Ε
833 3885 866 3936 56
888 3880 957 3934 dirae
974 3882 999 3933 A
1025 3881 1064 3947 Ε,
1087 3881 1135 3934 scd
1157 3880 1167 3932 i
1184 3895 1238 3932 rae.

156 3962 192 3997 esc
209 3961 226 3997 u
245 3945 332 4010 (durae
350 3948 385 4011 Σ)
