2580 4366
370 905 537 967 renutu
559 856 687 971 vunai

166 1038 237 1111 Quis
259 1041 422 1103 inferorum
445 1042 514 1104 sede
535 1040 572 1103 ab
595 1040 723 1107 inlausta
747 1042 871 1125 extrahit

82 1124 165 1186 avido
188 1126 308 1204 fugaces
329 1146 380 1187 ore
403 1137 569 1208 captantem
593 1126 686 1207 cibos,

82 1210 148 1290 quis
170 1209 245 1271 male
267 1212 389 1272 deorum
413 1210 537 1274 Tantalo
560 1212 635 1273 visas
657 1213 762 1274 domos

81 1295 210 1356 ostendit
231 1295 362 1357 iterum?
394 1300 480 1378 peius
500 1298 651 1377 inventum
674 1306 718 1361 est
737 1298 786 1360 siti

81 1391 182 1442 arente
204 1380 235 1440 in
258 1382 345 1442 undis
366 1382 476 1464 aliquid
499 1394 529 1443 et
549 1382 635 1463 peius
656 1383 732 1445 lame
854 1374 857 1385 ’

80 1465 181 1527 hiante
203 1464 345 1547 semper?
371 1464 491 1548 Sisyphi
515 1466 658 1548 numquid
681 1467 757 1548 lapis

80 1551 240 1630 gestandus
262 1551 371 1613 umeris
393 1552 525 1614 lubricus
547 1551 656 1612 nostris
677 1553 756 1613 venit

80 1646 130 1696 aut
151 1635 281 1698 membra
304 1636 392 1697 celeri
415 1634 554 1698 differens
576 1644 665 1698 c'urs'u
687 1645 761 1711 rota,

80 1729 132 1781 aut
154 1739 249 1801 poena
272 1720 320 1781 Tit
308 1721 349 1801 tyi
373 1721 423 1802 qui
446 1740 537 1803 specu
559 1728 639 1782 vasto
661 1731 766 1801 patens

79 1806 241 1867 visceribus
262 1815 339 1867 atras
361 1807 455 1887 pascit
476 1804 590 1868 eliossis
612 1824 680 1867 aves

80 1903 110 1951 et
133 1902 219 1952 noete
241 1910 381 1972 reparans
403 1890 545 1971 quidquid
567 1890 663 1952 amisit
685 1890 733 1952 die

80 1975 203 2072 plenum
224 1977 337 2037 recenti
359 1977 498 2057 pabulum
521 1980 655 2037 monstro
675 1970 774 2037 iacet?
961 2046 964 2050 ,

81 2062 112 2120 in
135 2062 214 2142 quod
235 2061 344 2122 malum
368 2059 572 2123 transcribor?
605 2078 623 2121 o
646 2061 781 2142 quisquis
804 2079 878 2122 nova

79 2146 237 2226 supplicia
248 2147 356 2207 iunctis
378 2148 471 2208 durus
492 2145 665 2209 umbrarum
687 2145 816 2207 arbiter
904 2207 908 2219 ,

78 2231 222 2328 disponis
244 2231 311 2293 addi
334 2231 358 2292 si
381 2232 452 2312 quid
474 2232 509 2293 ad
532 2249 645 2313 poenes
666 2241 763 2312 potest

80 2316 189 2396 quod'
181 2334 245 2397 ipse
268 2324 368 2377 custos
390 2316 517 2378 carceris
539 2316 594 2377 diri
615 2317 743 2391 horreat,

78 2401 158 2480 quod
180 2411 309 2463 maestus
330 2402 466 2463 Acheron
489 2411 601 2482 paveat,
622 2401 660 2462 ad
681 2401 766 2462 cuius
787 2409 898 2461 metum

78 2504 135 2546 uos
157 2504 276 2566 quoque
296 2497 466 2560 tremamus,
488 2503 611 2566 quaeret
633 2485 690 2548 iarn
714 2494 814 2546 nostra
836 2484 916 2546 subit

78 2589 94 2630 e
117 2571 207 2651 stirpe
230 2571 315 2632 turha
338 2590 413 2651 quae
434 2590 521 2632 suum
542 2572 640 2632 vincat
660 2589 755 2648 genus

77 2673 113 2715 ac
134 2673 181 2716 me
204 2655 393 2717 innocentem
420 2656 505 2717 iaciat
527 2666 555 2716 et
577 2657 680 2716 inausa
702 2655 814 2717 audeat.

62 2740 199 2825 regione
222 2740 394 2821 quidquid
386 2741 476 2820 impia
498 2748 592 2801 cessat
614 2739 674 2801 loci

77 2818 297 2905 complebo—
300 2844 480 2905 numquam
504 2833 598 2885 stante
620 2821 746 2904 Pelopea
769 2824 857 2883 domo

76 2908 174 2970 llinos
196 2911 316 2971 vacabit

366 3042 477 3104 thttt

329 3143 433 3222 Perge,
455 3142 635 3206 detestabilis
652 3176 655 3181 ·

76 3228 190 3301 umbra,
213 3242 241 3290 et
263 3239 384 3310 penates
406 3230 513 3310 impios
534 3229 619 3290 iuriis
640 3247 703 3307 age.

160 3428 272 3463 serenae
289 3414 448 3464 ivtembtrur
465 3411 565 3462 'lentuli
584 3412 681 3463 umbra.
689 3404 815 3461 anall
841 3407 971 3461 Tantalus.
989 3407 1105 3475 Megaera
1123 3413 1148 3460 A

74 3484 125 3541 (ιό
142 3495 190 3544 per
208 3488 291 3533 totam
309 3483 443 3545 secenum)
499 3484 509 3532 l
530 3480 592 3540 Qms
610 3494 662 3531 me
659 3480 737 3530 lutor
754 3492 821 3529 nune
839 3476 944 3529 schoah
962 3477 1073 3529 inhusta
1090 3476 1147 3530 ebs

74 3547 152 3597 trabit
170 3550 195 3598 A
258 3549 466 3601 3vivasA.-
484 3548 602 3600 domoh'
667 3546 736 3601 tisis
789 3543 948 3611 hiuunquid
966 3544 991 3596 h*
1047 3546 1146 3612 bnp

74 3614 105 3666 T.
124 3630 224 3682 semper
241 3631 390 3669 accrescens
408 3617 477 3668 iecur
495 3617 520 3665 A
537 3616 582 3678 (ef.
602 3616 714 3665 phaedr.
734 3561 811 3677 llll)
865 3615 894 3666 to
913 3561 1147 3665 vulneribuseodd.

74 3689 197 3735 moeste
212 3685 345 3736 dometius
407 3687 437 3737 ta
456 3689 574 3736 transser.
593 3683 618 3735 h
682 3687 711 3735 tt>
731 3681 796 3733 adde
814 3681 892 3736 codd.
911 3684 1032 3733 conruit
1046 3679 1146 3733 Grono-

73 3754 192 3804 νίκω-
210 3754 326 3818 potesA
382 3747 1018 3830 18qutetqi3ns.eingulieuereibuell
1063 3753 1146 3816 20eq.

71 3824 115 3938 (epe
136 3818 315 3884 mipenith':
339 3834 396 3874 ac·
379 3820 483 3872 -laeiat
498 3819 503 3887 Ι
519 3826 575 3872 et·
589 3818 693 3885 regione
707 3817 712 3885 Ι
728 3818 838 3885 quicq.
859 3816 994 3886 complebo
1010 3818 1014 3885 Ι
1029 3833 1145 3885 eumq.-

91 3901 151 3938 omo

127 3979 221 4018 sennocae
235 3984 255 4019 t
256 3979 359 4028 egueniae
373 3980 403 4019 11.
920 3972 957 4022 lb
