2580 4366
547 219 675 263 THOAHES

75 369 223 430 celebrate
243 367 359 448 Pyrrhi,
382 367 521 445 Troades,
544 370 681 448 conubia,

76 454 221 516 celebrate
244 453 347 531 digne:
379 452 516 531 planctus
539 464 569 517 et
591 457 717 533 gemitus
739 465 835 518 sonet.

74 559 140 600 nnn.
185 537 310 599 Ratione
333 539 464 616 quamvis
487 549 584 600 careat
607 548 636 602 et
657 542 735 603 flecti
757 552 846 620 neget

74 643 200 703 magnus
223 622 307 684 dolor
329 624 486 703 sociosque
509 642 735 705 nonnumquam
757 628 804 688 sui

75 709 217 771 maeroris
238 709 321 787 ipsos
344 707 453 769 oderit:
489 726 605 770 causam
629 718 726 774 tamen

75 812 197 874 possum
220 793 297 855 tueri
319 793 416 854 iudice
438 793 545 854 inlesto
568 812 673 871 meam,

76 880 207 959 graviora
229 896 324 958 passa.
368 877 449 956 luget
470 879 675 941 Andromacha
697 879 856 943 Hectorem

76 974 105 1025 et
127 963 247 1024 Hecuba
269 962 434 1023 Priamum:
467 962 549 1024 solus
572 965 687 1025 occulte
709 964 792 1026 Paris
871 1004 877 1015 ,
996 1023 998 1027 .

74 1049 222 1127 lugendus
244 1047 374 1108 Helenae
397 1054 450 1109 est.
496 1047 602 1109 durum
626 1059 655 1110 et
676 1050 803 1111 invisum
827 1062 856 1115 et
878 1068 964 1129 grave
986 1058 1029 1113 est

74 1133 192 1196 servitia
213 1130 314 1193 lerre‘l
344 1133 439 1211 patior
461 1133 518 1193 hoc
541 1134 610 1194 olim
633 1133 745 1212 iugum.

75 1219 162 1280 annis
184 1218 285 1279 decem
309 1217 430 1297 captiva.
474 1226 655 1296 prostratum
678 1219 764 1281 llium
788 1228 842 1296 est,

73 1302 151 1364 versi
173 1299 319 1382 penates‘l
346 1302 471 1380 perdere
494 1311 539 1364 est
560 1303 683 1383 patriam
706 1322 803 1383 grave,

75 1388 192 1467 gravius
215 1383 344 1448 timere(
372 1405 424 1446 ros
446 1387 520 1449 levat
541 1389 615 1451 tanti
637 1388 706 1450 mali

75 1473 248 1536 comitatus:
279 1471 311 1532 in
334 1490 381 1532 me
402 1471 496 1533 victor
519 1483 548 1534 et
568 1473 663 1535 victus
684 1475 766 1535 furit.

76 1577 164 1638 quam
186 1558 314 1636 quisque
335 1555 474 1617 famulam
496 1558 626 1619 traheret
647 1558 762 1619 incerto
786 1558 836 1620 diu

75 1662 145 1705 casu
168 1641 324 1721 pependit:
354 1660 401 1701 me
423 1659 508 1702 meus
529 1641 617 1703 traxit
638 1643 736 1707 statim

74 1728 140 1789 sine
163 1736 243 1788 sorte
265 1726 412 1786 dominus
457 1745 545 1786 causa
566 1726 712 1788 bellorum
734 1727 777 1788 lui

73 1822 232 1890 tantaeque
253 1810 377 1872 Teucris
400 1808 513 1872 cladis?
543 1810 601 1871 hoc
621 1829 724 1873 rerum
746 1820 828 1892 puta,

74 1898 219 1977 Spartana
241 1896 352 1975 puppis
374 1904 469 1955 vestra
491 1894 515 1954 si
538 1896 633 1956 secuit
653 1897 743 1971 freta;

75 1983 122 2044 sin
146 1990 228 2060 rapta
252 1979 386 2059 Phrygiis
408 1980 518 2058 praeda
538 1979 701 2058 remigibus
722 1979 766 2042 lui

75 2068 215 2147 deditque
238 2066 349 2126 donum
371 2065 461 2125 iudici
483 2064 587 2126 victrix
610 2065 671 2141 dea,

74 2154 197 2231 ignosce
220 2150 353 2229 praedae.
398 2149 525 2211 iudicem
548 2149 654 2211 iratum
676 2169 741 2211 mea

73 2237 209 2298 habitura
231 2254 318 2296 causa
342 2240 399 2295 est:
429 2234 484 2295 ista
505 2234 670 2297 Menelaum
693 2242 816 2297 manent

75 2322 204 2383 arbitria.
250 2337 332 2380 nunc
354 2319 431 2379 hano
453 2319 581 2380 luctibus
605 2320 725 2400 paulum
747 2320 817 2394 tuis,

75 2404 291 2479 Andromacha,
315 2403 431 2465 omissis
453 2404 538 2464 flecte
558 2439 602 2448 —
623 2405 669 2465 vix
690 2404 824 2466 lacrimas
847 2422 925 2484 queo
1104 2413 1149 2464 925

74 2493 214 2554 retinere.
279 2507 364 2548 rnna.
402 2487 551 2559 Quantum
574 2499 619 2552 est
640 2489 751 2550 Helena
775 2489 856 2569 quod
877 2488 1008 2551 lacrimat
1029 2487 1148 2550 malum.

74 2596 129 2638 cur
151 2575 283 2636 lacrimat
304 2571 423 2634 autem?
452 2575 514 2634 lare
536 2591 611 2652 quos
633 2574 751 2636 lthacus
773 2574 867 2648 dolos,

74 2679 151 2740 quac
174 2659 285 2720 scelera
307 2664 420 2732 nectat;
451 2669 551 2720 utrum
572 2658 609 2719 ab
631 2658 725 2720 ldaeis
747 2659 825 2738 iugis

74 2746 208 2809 iactanda
230 2744 313 2821 virgo
336 2751 390 2816 est,
413 2743 488 2803 areis
511 2761 548 2803 an
572 2743 667 2805 celsae
689 2743 767 2804 edito

73 2830 214 2892 mittenda
238 2825 330 2888 saxo?
359 2846 431 2889 num
453 2846 508 2907 per
529 2828 581 2888 has
602 2836 715 2890 vastum
738 2829 769 2891 in
791 2846 872 2890 mare

72 2915 214 2977 volvenda
236 2931 337 2992 rupes,
359 2911 450 2973 latere
472 2930 545 2991 quas
567 2913 659 2974 scisso
681 2914 756 2975 levat

73 3003 167 3063 altum
189 2999 296 3060 vadoso
319 2997 430 3075 Sigeon
452 3007 589 3076 spectans
611 2995 701 3059 sinu?

74 3085 131 3162 dio,
154 3087 226 3158 lare,
250 3082 393 3162 quidquid
415 3082 540 3143 subdolo
563 3082 644 3143 vultu
666 3081 751 3160 tegis.

73 3171 183 3232 leviora
204 3166 279 3228 mala
301 3176 372 3229 sunt
394 3177 511 3242 cuncta,
533 3184 621 3245 quam
643 3165 752 3228 Priami
774 3183 867 3244 gener

74 3254 273 3333 Hecubaeque
295 3250 435 3331 Pyrrhus.
479 3252 551 3328 lare,
575 3269 663 3330 quam
685 3270 812 3330 poenam
834 3267 922 3330 pares
1103 3255 1148 3308 93⁶

75 3357 216 3420 exprome
239 3346 268 3399 et
291 3356 384 3398 unum
406 3337 463 3396 hoc
485 3336 570 3398 deme
593 3336 702 3398 nostris
725 3335 867 3411 cladibus,

160 3523 210 3574 902
228 3519 299 3587 digni
316 3522 342 3584 ς.
354 3521 489 3570 -sonent
500 3519 525 3568 A
573 3520 624 3572 911
642 3518 725 3570 victus
743 3520 769 3568 et
785 3516 868 3569 vietor
884 3516 909 3566 A
960 3514 1011 3566 916
1029 3510 1106 3569 trahit
1123 3511 1148 3562 ld

74 3592 124 3644 918
150 3594 271 3655 tantaque
292 3587 386 3639 teucris
409 3586 494 3664 clades
513 3585 537 3638 H
623 3587 673 3639 919
695 3587 814 3653 spartana
832 3597 919 3664 puppe
936 3585 1021 3634 vestra
1039 3579 1061 3632 si
1078 3578 1149 3662 secui

72 3657 180 3710 freta'd‘
274 3657 325 3708 920
347 3653 452 3721 phygus
469 3653 494 3703 d
588 3655 637 3707 922
660 3651 865 3733 1810909291ιῶ
884 3650 961 3702 codd.
980 3663 1087 3700 consa:
1112 3646 1147 3709 es.

73 3743 95 3806 1,
112 3740 172 3795 222.
190 3768 224 3777 -
247 3739 340 3790 iratum
362 3743 423 3804 puta
445 3738 470 3788 A
555 3738 604 3789 923
627 3736 703 3788 istam
724 3735 794 3790 mille
817 3735 920 3788 naviuin
941 3734 1045 3786 manent
1066 3733 1105 3783 sie
1122 3731 1155 3793 Ε,

73 3812 125 3862 924
143 3806 289 3860 arbitn‘xll
358 3808 407 3860 925
426 3805 486 3857 flete
503 3805 528 3855 H
592 3807 641 3857 931
661 3819 709 3871 qua
728 3804 753 3854 H
813 3806 864 3858 932
881 3803 962 3856 altum
979 3799 1089 3853 vadosos
1108 3797 1147 3851 Si·

72 3893 140 3945 geon
158 3882 278 3943 spectans
296 3875 366 3927 sinus
381 3876 407 3926 A
432 3873 513 3925 altum
530 3870 627 3924 vadoso
645 3872 734 3940 sigaeo
750 3877 871 3940 spectans
887 3871 972 3926 einum
985 3869 1011 3920 li
1029 3869 1149 3920 conenit

75 3944 226 3998 &abactor
