2580 4366
509 219 683 265 rflonutsstn

57 369 131 431 urbs
154 378 360 431 concremetur
381 376 423 415 -'
445 369 561 450 primus
582 389 599 432 a
621 370 754 433 thalamis
776 373 849 435 meis

58 455 183 535 incipiat
205 455 292 533 ignis.
358 474 452 516 aurio.
496 455 578 517 Mitte
599 456 760 518 violentum
783 457 925 538 impetum

58 540 170 601 doloris
193 550 277 602 acte
299 538 416 619 publica
439 548 563 602 exorent
588 541 662 603 mala

56 634 222 704 auctorque
244 624 374 704 placidae
396 624 498 687 liberis
520 625 601 706 pacis
623 627 699 689 veni.

58 729 154 771 onum.
198 709 286 772 Vides
308 710 456 772 modestae
478 711 610 773 deditum
631 712 722 773 menti
746 730 847 773 senem

57 796 250 876 placidaeque
273 805 419 857 amantem
440 795 522 876 pacis
544 796 579 857 ad
601 806 699 876 partes
721 794 830 858 vocas?

57 888 155 942 tumet
175 881 292 941 animus
314 881 367 956 ira,
390 882 483 942 lervet
504 881 667 942 immensus
690 881 784 955 dolor,

56 965 213 1044 maiusque
236 985 323 1045 quam
347 966 427 1045 quod
450 985 536 1027 casus
557 975 587 1027 et
608 968 748 1028 iuvenum
770 967 855 1028 furor

58 1060 185 1112 conatur
206 1051 315 1130 aliquid
339 1052 437 1130 cupio.
483 1070 545 1112 non
568 1052 639 1114 satis
661 1062 706 1114 est
730 1052 826 1114 adhuc

57 1136 143 1197 civile
165 1135 291 1199 bellum:
313 1135 404 1196 lrater
426 1135 457 1197 iu
479 1137 600 1198 fratrem
622 1144 704 1212 ruat;

57 1239 115 1282 nec
137 1221 194 1281 hoc
216 1229 261 1282 sat
282 1231 340 1284 est:
365 1221 444 1299 quod
468 1220 563 1297 dehet,
587 1228 620 1282 ut
641 1223 690 1283 liat
712 1222 794 1283 nolas

57 1306 95 1366 de
117 1323 200 1366 more
222 1314 334 1379 nostro,
358 1306 438 1384 quod
459 1324 541 1367 meos
564 1306 665 1368 deceat
685 1314 783 1368 toros:

59 1392 125 1452 date
147 1409 226 1451 arma
250 1390 334 1452 matri
356 1425 398 1435 -
420 1409 508 1451 nemo
530 1409 578 1452 me
600 1412 635 1453 ex
657 1392 704 1454 his
726 1400 810 1454 eruat

58 1474 155 1536 silvis:
179 1474 275 1536 latebo
299 1475 382 1554 rupis
405 1494 507 1537 exesae
529 1495 598 1538 cavo

56 1568 109 1621 aut
130 1578 201 1639 sepe
223 1560 313 1622 densa
335 1579 445 1641 corpus
467 1561 636 1623 abstrusum
658 1570 764 1640 tegam.

56 1645 130 1706 hinc
152 1645 324 1725 aucupabor
345 1646 432 1707 verba
453 1648 581 1708 rumoris
603 1647 666 1725 vagi

56 1739 88 1791 et
109 1749 191 1791 saeva
214 1732 338 1793 fratrum
360 1730 446 1807 bella,
469 1732 549 1810 quod
571 1749 703 1811 possum,
727 1731 853 1793 audiam.

348 2117 508 2181 toclsrt

144 2221 225 2282 Felix
246 2223 361 2300 Agaue:
384 2222 499 2283 lacinus
521 2221 703 2284 horrendum
726 2240 826 2299 manu,

57 2326 116 2387 qua
139 2307 257 2380 lecerat,
281 2305 403 2384 gestavit
425 2316 454 2367 et
475 2308 603 2387 spolium
626 2307 694 2369 tulit

56 2399 182 2454 cruenta
204 2391 264 2454 nati
286 2408 405 2452 maenas
427 2390 457 2452 in
481 2400 580 2473 partos
602 2391 678 2468 dati3

55 2477 128 2540 lecit
150 2475 258 2552 scelus,
280 2476 330 2535 sed
354 2475 460 2536 misera
483 2496 543 2538 non
566 2476 645 2539 ultro
667 2495 722 2538 suo

55 2561 162 2623 sceleri
184 2561 363 2621 occucurrit.
407 2561 465 2621 hoc
486 2561 549 2623 leve
572 2571 615 2623 est
638 2562 716 2642 quod
740 2578 805 2622 sum
830 2578 956 2622 nocens:

54 2647 113 2708 leci
137 2655 289 2707 nocentes.
334 2645 392 2706 hoc
414 2664 533 2725 quoque
555 2647 727 2709 etiamnunc
748 2646 811 2706 leve
832 2653 890 2706 est:

55 2731 162 2812 peperi
185 2739 337 2791 nocentes.
382 2730 464 2792 derat
485 2733 635 2793 aerumnis
657 2731 740 2801 meis,

54 2825 91 2877 ut
114 2826 143 2876 et
164 2816 279 2875 hostem
302 2833 439 2876 amarem.
484 2816 587 2877 bruma
612 2824 657 2877 ter
678 2815 779 2896 posuit
801 2815 883 2877 nives

56 2907 89 2962 et
109 2900 194 2962 tertia
216 2901 273 2961 iam
295 2900 369 2962 falce
392 2900 534 2962 decubuit
556 2900 654 2976 Ceres,

55 2995 93 3048 ut
115 2984 182 3047 exul
204 2992 284 3046 errat
305 2994 391 3047 natus
415 2997 444 3048 et
466 2988 559 3065 patria
582 2994 662 3048 caret

58 3070 267 3151 profugusque
289 3089 392 3148 regum
414 3071 519 3132 auxilia
543 3072 699 3134 Graiorum
722 3083 815 3148 rogat.

56 3173 151 3234 gener
173 3165 217 3216 est
238 3156 364 3230 Adrasti,
387 3157 472 3218 cuius
494 3157 619 3236 imperio
645 3173 724 3216 marc

56 3240 138 3320 quod
161 3240 268 3300 scindit
289 3241 415 3302 Isthmos
437 3242 565 3319 regitur;
588 3240 638 3303 hic
659 3247 763 3318 gentes
785 3253 853 3299 suas
918 3261 922 3272 ·
1087 3243 1135 3297 :tto

56 3335 232 3403 septemque
254 3343 355 3386 secum
377 3343 469 3404 regna
492 3326 527 3388 ad
549 3324 691 3388 auxilium
713 3322 801 3386 trahit

143 3495 192 3544 att
217 3498 277 3543 ante
294 3491 393 3556 viotg
462 3494 512 3544 348
535 3491 599 3543 lroec
616 3495 681 3553 tes*
749 3490 800 3542 362
824 3487 1014 3539 immensumA
1083 3487 1132 3539 356

55 3560 121 3612 satis
139 3563 178 3611 eol
195 3558 221 3611 Ε
297 3562 346 3613 368
370 3558 437 3626 patri
454 3559 528 3610 codd
549 3563 670 3610 corrodit
689 3557 840 3609 Gronovius
861 3553 898 3615 of.
915 3554 942 3618 l,
962 3553 1013 3607 221
1082 3555 1131 3625 361

56 3629 219 3694 aucupabor:
238 3626 551 3679 boaru2m.utotd.ll
603 3629 652 3680 363
670 3641 768 3678 codena
786 3624 997 3677 condrtuatrcrd
1047 3637 1133 3674 novoe

55 3711 171 3746 scaenae
187 3696 295 3747 locasta.
317 3695 434 3748 Satelles.
456 3694 591 3746 Polinices.
609 3694 744 3746 Etlreocles
763 3692 888 3744 inscribit
902 3690 936 3745 Ε.
972 3689 1072 3743 addere
1089 3690 1133 3741 do-

56 3766 116 3814 oud
133 3764 299 3827 Antigonam
317 3765 352 3824 otl
370 3763 392 3826 1,
410 3761 445 3814 82
461 3779 499 3828 sq.
569 3765 619 3816 366
637 3763 704 3814 ultra
722 3761 799 3814 codd.
818 3763 939 3812 corrodit
955 3759 990 3813 N.
1007 3760 1133 3837 dloinriua

56 3833 118 3883 udo.
134 3848 162 3897 p.
180 3833 270 3882 56-
287 3846 361 3883 suum
379 3832 405 3882 A
466 3833 514 3884 363
533 3831 618 3882 scelus
636 3831 685 3883 hoc
703 3830 850 3883 cucurritd
875 3828 966 3881 sceleri
983 3825 1133 3881 occurritd

55 3904 180 4019 zmil
196 3897 345 3950 Gronovius
397 3901 447 3950 336
465 3899 545 3965 cingit
562 3898 677 3951 lstlunon
688 3900 713 3950 A
733 3899 814 3967 cingit
830 3897 957 3950 Iotlrotnos
968 3897 994 3950 ll
1012 3897 1134 3948 commit

82 3983 211 4019 rouomua
