2580 4366
404 256 442 299 nn
463 256 650 299 rnnsouanvu
671 257 763 300 noris.
1080 245 1121 309 85

42 427 119 488 quae
149 406 338 469 consuetudo
367 407 402 467 ad
424 405 573 469 Romanos
602 426 663 470 non
688 408 839 469 transiisse
862 409 987 484 ridetur,
1019 430 1122 489 quam-

44 511 133 572 quam
157 494 190 555 in
213 491 431 553 recentioribus
452 492 536 554 libris
557 494 636 555 baud
657 511 724 554 raro
746 511 889 572 personas
911 496 1018 557 mutari
1033 497 1120 574 signo

45 578 181 658 adposito
211 577 369 638 indicatur.
422 577 527 638 diversi
560 579 638 639 enim
668 579 759 639 moris
788 587 866 639 certa
894 580 1015 658 vestigia
1043 583 1122 661 apud

47 664 177 724 comicos
198 669 312 724 servata
335 671 413 723 sunt.
449 662 568 725 exiliora
592 663 711 741 quidem
733 664 765 724 in
787 662 900 737 Plauto,
923 665 1009 726 cuius
1031 685 1048 727 e
1070 684 1122 728 co·

49 748 162 809 dicibus
184 755 299 808 tantum
321 746 477 809 camerarii
499 757 582 809 vetus
604 749 795 809 vetustiorem
818 750 1062 813 consuetudinem
1077 759 1122 813 te·

50 833 113 895 nuit
141 829 390 911 (Riecnlpproll.
412 832 443 892 in
467 832 550 894 Trin.
574 852 602 912 p.
629 833 677 894 LV
699 836 768 911 eqd.
815 842 844 894 at
871 833 988 912 plenam
1018 845 1047 897 et
1074 836 1122 896 in·

53 929 218 997 corruptam
246 916 353 979 vetusti
383 917 474 978 moris
502 918 658 995 imaginem
682 917 813 978 Terentii
840 919 956 981 codices
978 921 1122 998 praebent

53 1002 210 1063 hembinus
237 1011 268 1063 et
296 1002 348 1080 qui
378 1003 524 1079 genuinae
545 1003 729 1064 recensionis
753 1002 948 1083 Calliopianae
971 1005 1121 1084 exemplar

58 1097 97 1148 est
115 1086 304 1149 Victorianus
324 1086 397 1147 bibl.
413 1086 553 1149 Laurent
570 1090 620 1162 38,
644 1090 685 1149 24
708 1087 757 1161 (cl.
781 1088 817 1148 de
839 1087 964 1150 Parisin.
984 1091 1066 1154 7903
1090 1108 1121 1153 a:

58 1170 155 1233 Philol.
170 1170 278 1232 XXXII
300 1190 330 1251 p.
347 1174 411 1234 446
425 1174 492 1251 sq.).
522 1172 600 1234 hanc
622 1173 701 1233 enim
724 1172 766 1233 illi
782 1173 814 1233 in
830 1174 967 1251 personis
986 1175 1123 1236 notandis

10 1318 14 1345 ‘
61 1256 1124 1423 bhtlttttlttttttbttttttttttthlttttttt:

67 1427 142 1487 retert
162 1425 318 1504 verbisque
341 1426 526 1503 singulorum
548 1428 660 1506 ubique
682 1427 820 1488 librarius
842 1428 986 1506 praefigit.

82 1508 85 1513 ’
137 1512 166 1573 id
191 1529 374 1573 memorasse
402 1513 471 1573 satis
500 1521 578 1574 esset
606 1512 663 1573 nisi
693 1512 727 1573 de
750 1512 856 1572 litteris
878 1512 936 1573 illis
959 1513 1124 1575 doctrinam

72 1595 195 1672 putam
224 1596 436 1676 speciosiorem
465 1597 520 1658 viri
548 1597 626 1658 docti
655 1597 851 1676 protulissent
879 1616 955 1675 quae
985 1598 1043 1659 iam
1066 1597 1123 1658 nisi

73 1678 139 1741 libor
157 1700 173 1743 a
194 1681 348 1760 plerisque
362 1699 418 1760 pro
433 1692 513 1744 certa
528 1682 654 1743 habetur
668 1690 697 1742 et
712 1681 871 1760 explorata.
902 1681 1029 1742 coniecit
1044 1683 1124 1743 enim

74 1760 229 1829 llitschcbns
251 1767 350 1846 (proli.
374 1766 456 1828 Trin.
479 1767 499 1827 l.
518 1776 555 1840 s.)
574 1762 701 1846 ‘grecam
722 1766 832 1829 litteras
854 1765 919 1827 illos
941 1784 1000 1827 nou
1022 1768 1124 1828 distis-

76 1851 168 1925 rtotdis
188 1863 303 1914 teritum
325 1852 420 1932 ola'puo
435 1853 578 1915 scribendi
591 1853 754 1932 compendio
764 1856 897 1930 peractus
912 1854 1060 1921 inservire,
1078 1852 1126 1912 sed

78 1933 104 1995 u
118 1938 488 2016 commoerentemque
501 1936 672 2016 scholarem
686 1935 836 1998 corrodium
851 1947 934 2016 atque
952 1946 1126 2015 apparatum

79 2031 191 2095 emme:
212 2026 254 2083 ito
277 2023 390 2102 puidam
411 2033 444 2083 ct
465 2033 652 2102 comportes
673 2032 739 2102 quot
761 2033 787 2082 ct
809 2039 931 2100 quoram
952 2019 1126 2102 histrionum

78 2101 172 2179 lamet,
193 2107 309 2169 totidem
332 2107 495 2168 litterarum
515 2111 591 2168 cotis
607 2097 786 2168 declaretur'.
817 2123 904 2183 quam
924 2105 1125 2167 coniecturam

80 2185 110 2247 tia
131 2208 160 2251 ac
184 2191 300 2255 ratione
329 2192 479 2271 persecuti
502 2191 651 2253 Stelfenus
674 2193 749 2266 (Act.
771 2190 852 2269 Lips
876 2191 903 2250 ΙΙ
930 2209 960 2270 p.
987 2191 1046 2253 109
1069 2191 1125 2268 sq.)

81 2273 143 2335 cttb
163 2294 197 2336 co
219 2277 252 2339 in
275 2276 401 2355 singulis
422 2285 537 2338 tantum
558 2276 736 2337 dissentiens
753 2275 917 2353 Wagnerus
931 2276 974 2351 (in
989 2274 1128 2336 Bursiani

81 2357 155 2421 actisl
174 2380 203 2440 p.
220 2364 284 2425 445
299 2365 358 2441 sq.)
381 2360 563 2428 incredibilia
586 2378 710 2441 prorsus
733 2368 761 2421 et
777 2359 865 2420 inrita
884 2359 1035 2438 protulere
1050 2378 1126 2438 quae

82 2447 102 2501 et
116 2442 186 2524 ipsos
207 2454 282 2526 puto
304 2446 522 2526 improbaturos
539 2446 631 2508 luisse
649 2446 674 2506 si
690 2444 807 2506 codices
822 2445 970 2524 inspicere
985 2443 1127 2507 licuisset.

82 2541 137 2602 tuto
160 2531 251 2593 refelli
280 2532 386 2593 melius
416 2551 477 2594 non
507 2538 648 2611 poterunt
675 2548 762 2610 quarn
785 2548 817 2590 re
840 2529 904 2608 ipsa
925 2529 1054 2591 breviter
1076 2547 1127 2590 ex-

81 2613 161 2686 posita.

144 2699 171 2761 in
193 2700 315 2763 Terenti
337 2700 428 2778 igitur
448 2701 593 2762 Bembino
620 2709 649 2762 et
670 2699 838 2761 victoriano
862 2696 969 2768 (Plauti
993 2697 1128 2759 Veterem

81 2776 120 2842 bac
131 2783 163 2846 de
176 2804 209 2847 re
224 2784 381 2847 consulere
397 2786 525 2864 neglexi)
546 2784 684 2847 librarius
699 2783 820 2845 nomina
835 2782 951 2843 scaenis
966 2781 1129 2862 inscripsit,

81 2864 117 2927 tol
134 2868 162 2930 in
182 2869 332 2932 mutandis
353 2870 491 2949 personis
513 2871 606 2950 spatia
627 2877 741 2932 tantum
764 2867 947 2946 singularum
965 2867 1129 2929 litterarum

81 2963 147 3014 moa
172 2955 303 3034 reliquit.
355 2955 424 3016 dein
452 2953 622 3016 rubricator
649 2953 820 3015 nominibus
852 2953 985 3032 adpinxit
1017 2952 1131 3013 litteras

81 3048 186 3117 enecas,
207 3039 363 3119 subpinrit
385 3041 579 3116 characteras,
605 3040 730 3119 explevit
753 3037 845 3118 spatia
868 3057 883 3098 a
906 3037 1006 3117 priore
1029 3035 1130 3097 relicta

81 3124 168 3194 uaeris
196 3124 307 3187 eisdem
337 3123 458 3185 litteris:
489 3125 590 3187 eadem
620 3125 711 3204 igitur
732 3123 794 3184 vice
817 3121 996 3201 fungebatur
1018 3138 1074 3198 qua
1097 3118 1130 3179 in

80 3202 207 3295 pluitque
229 3208 434 3271 scaenicorum
455 3209 540 3272 libris
561 3209 587 3271 is
609 3210 660 3288 qui
683 3225 878 3288 personarum
905 3214 989 3267 notas
1011 3202 1132 3282 scriptis

10 3338 13 3371 ;
80 3303 121 3353 tun
137 3293 242 3357 fabulis
263 3293 380 3372 adiecit.
425 3295 610 3357 consuetudo
633 3301 730 3356 autem
754 3312 787 3353 ea
809 3293 872 3354 lere
896 3291 928 3350 in
950 3287 1132 3367 usurpandis

80 3378 169 3450 thecis
196 3378 303 3441 litteris
331 3377 446 3440 obtinet
473 3389 506 3441 ut
535 3397 616 3440 suam
643 3379 769 3439 litteram
792 3393 920 3456 persona
942 3380 1038 3435 servet
1060 3374 1130 3435 dum

10 3516 12 3527 .
78 3473 119 3534 lot
141 3463 241 3544 plures
269 3481 391 3525 scaenas
420 3465 564 3526 continuo
592 3464 624 3524 in
653 3462 770 3544 pulpito
800 3467 947 3533 moratur;
978 3459 1056 3539 quod
1080 3457 1132 3520 ubi
1253 3460 1256 3465 '

78 3543 186 3627 rdquit
208 3549 306 3611 littera
327 3547 420 3610 cuivis
442 3548 664 3629 supervenienti
686 3554 783 3621 vacat;
806 3547 831 3607 si
852 3544 936 3621 redit,
952 3552 1002 3606 aut
1020 3542 1131 3623 priore,

77 3627 181 3696 silorte
203 3633 325 3695 librario
347 3633 444 3712 placet
466 3653 523 3696 nec
545 3634 594 3696 alii
617 3634 673 3694 iam
697 3631 820 3694 eandem
836 3631 924 3703 dedit,
946 3638 997 3691 aut
1019 3630 1132 3691 diversa

74 3710 153 3780 littora
174 3725 304 3780 notatur.
339 3718 383 3779 sic
405 3719 436 3781 in
459 3718 617 3795 Eunucho,
641 3736 701 3796 quo
716 3713 850 3796 exemplo
866 3716 1020 3792 defungar,
1038 3711 1131 3773 Phae-

10 3836 13 3845 ·
72 3796 137 3865 tltlae
166 3801 340 3884 praefigitur
360 3803 399 3865 A
421 3803 462 3880 (Ι,
487 3802 605 3878 Ι-ΙΙ,
629 3806 662 3878 1;
698 3802 746 3877 lV,
770 3803 879 3879 2-4)
909 3810 938 3862 et
966 3795 995 3860 Ε
1022 3797 1132 3891 (V‚.8)‚

70 3883 261 3951 GuatboniA
283 3886 333 3964 (ll,
348 3888 378 3948 2.
402 3887 452 3963 ΙΙΙ,
471 3892 499 3952 1.
515 3889 544 3949 2.
568 3887 616 3963 ΙΙΙ,
632 3890 663 3961 7)
680 3886 811 3961 θΙΓΙΙΙ,
827 3889 856 3948 7.
876 3887 917 3960 8),
940 3883 1086 3944 Thrasoni
1104 3881 1136 3942 Γ

66 3969 127 4052 llll,
152 3975 260 4050 1-2)
283 3983 313 4035 et
333 3975 366 4035 A
388 3971 448 4050 (ΙΙΙ,
470 3975 500 4035 7.
535 3972 568 4048 V,
591 3973 620 4034 7.
645 3973 686 4050 8),
710 3971 814 4035 Thaidi
837 3967 867 4034 Θ
892 3969 935 4052 tl,
955 3970 990 4033 Ι.
1020 3963 1087 4042 ΙΙΙ,
1107 3965 1146 4027 Ι.
