2580 4366
602 228 720 272 OCTAVIA
807 256 812 264 κ

127 376 280 437 extrahere
302 377 399 457 pisces
420 386 482 439 rete
505 377 550 439 vel
572 378 682 440 calamo
705 380 760 441 levi

127 461 263 539 decipere
286 461 420 523 volucres
466 480 484 514 e
611 484 629 518 e

105 545 226 607 'tenere
248 546 364 625 laqueo,
387 564 524 626 premere
545 548 694 610 subiectos
718 550 788 629 iugo

125 641 226 692 tauros
248 631 372 706 seroces,
395 649 513 694 vomere
534 631 696 696 immunem
718 635 803 714 prius

123 715 238 778 sulcare
260 726 379 791 terram,
405 716 482 792 laesa
505 735 580 797 quae
601 719 703 798 fruges
725 738 794 781 suas

123 800 250 862 interius
271 800 329 862 alte
351 801 485 870 condidit
504 820 589 864 sacro
611 799 690 865 sinu.

64 881 70 890 '
124 885 175 946 sed
198 885 228 945 in
251 885 381 964 parentis
404 885 514 948 viscera
536 887 654 950 intravit
675 907 746 951 suae

123 968 252 1031 deterior
274 977 366 1031 aetas:
390 971 469 1033 eruit
490 972 600 1034 lerrum
623 991 709 1052 grave

122 1072 297 1132 aurumque,
320 1073 418 1117 saevas
440 1073 509 1117 mox
531 1067 561 1120 et
582 1058 704 1120 armavit
724 1076 830 1121 manus
837 1077 846 1135 ;

122 1139 229 1220 partita
250 1139 324 1201 fines
346 1158 437 1219 regna
459 1142 624 1217 constituit,
646 1161 735 1205 noras

122 1225 249 1286 extruxit
271 1224 370 1299 urbes,
393 1232 469 1288 tecta
492 1227 624 1289 defendit
646 1245 709 1303 sua,

121 1309 214 1370 aliena
237 1308 302 1370 telis
324 1318 375 1371 aut
396 1311 470 1390 petit
490 1312 616 1390 praedae
638 1312 807 1374 imminens.

122 1393 254 1473 neglecta
276 1401 370 1456 terras
391 1395 469 1474 fugit
490 1407 519 1458 et
539 1415 638 1459 mores
661 1399 740 1460 leros

120 1478 274 1541 hominum
297 1487 327 1540 et
349 1488 472 1541 cruenta
494 1482 583 1543 caede
604 1482 733 1561 pollutas
754 1500 859 1544 manus

120 1565 239 1624 Astraea
261 1563 354 1642 virgo,
377 1562 508 1626 siderum
530 1583 671 1644 magnum
693 1565 794 1627 decus.

121 1647 228 1728 cupido
251 1647 320 1709 belli
343 1649 544 1730 emittatque
566 1651 631 1712 auri
652 1652 744 1712 fames

119 1741 214 1794 totum
237 1751 291 1812 per
313 1733 425 1810 orbem,
447 1734 608 1797 maximum
631 1744 833 1797 exortumest
854 1735 962 1797 malum

119 1817 246 1891 luxuria,
268 1817 362 1898 pestis
383 1817 499 1891 blanda,
523 1820 570 1881 cui
592 1821 669 1882 vires
692 1818 772 1881 dedit

119 1902 272 1981 roburque
293 1902 417 1983 longum
438 1912 556 1984 tempus
578 1913 666 1984 atque
688 1922 774 1965 error
795 1904 899 1983 gravis.

119 1987 241 2049 collecta
263 1986 330 2050 vitia
352 2006 406 2068 per
427 1995 472 2050 tot
493 1996 601 2051 aetates
624 1989 674 2051 diu

118 2072 149 2132 in
173 2090 227 2132 nos
249 2072 432 2135 redundant:
457 2073 575 2135 saeculo
599 2075 761 2154 premimur
782 2070 871 2153 gravi,

118 2175 178 2235 quo
201 2157 312 2218 scelera
334 2167 469 2237 regnant,
492 2159 582 2220 saevit
604 2159 738 2238 impietas
759 2158 874 2235 furens,

115 2243 197 2322 turpi
218 2241 309 2303 libido
333 2241 446 2304 Venere
468 2243 637 2305 dominatur
658 2250 776 2322 potens,

114 2326 230 2388 luxuria
251 2325 355 2389 victrix
377 2327 458 2389 orbis
480 2328 639 2390 immensas
662 2346 735 2408 opes

114 2413 172 2472 iam
194 2412 308 2492 pridem
330 2413 422 2473 araris
443 2413 590 2489 manibus,
614 2422 648 2476 ut
667 2413 781 2493 perdat,
804 2412 890 2494 rapit.

114 2497 165 2557 sed
188 2514 267 2572 ecce,
290 2514 394 2575 gressu
417 2499 511 2560 lertur
533 2500 657 2561 attonito
679 2497 758 2560 Nero

114 2581 252 2660 trucique
273 2581 365 2644 vultu.
410 2583 482 2660 quid
503 2584 579 2645 lerat
600 2591 699 2646 mente
720 2584 840 2645 horreo.

401 2716 452 2776 1111

197 2817 308 2896 Perage
331 2716 506 2897 imperag:O
512 2817 604 2892 mitte,
627 2817 679 2896 qui
700 2816 797 2880 Plauti
819 2816 891 2878 mihi

112 2900 272 2980 Sullaeque
293 2901 370 2963 caesi
392 2902 500 2964 referat
521 2902 668 2964 abscisum
690 2910 789 2982 caput.

196 3070 246 3121 412
265 3083 315 3119 om.
333 3066 392 3132 111),
414 3068 502 3134 suppl.
520 3070 550 3118 in
573 3071 626 3119 ime
644 3083 698 3133 mg.
717 3069 732 3120 1
742 3083 776 3118 m.
794 3066 816 3118 L
851 3066 876 3118 d.
897 3083 923 3118 v.
942 3071 1010 3118 crate
1029 3066 1070 3120 vel
1090 3068 1188 3121 calamo

79 3190 82 3197 ,
111 3141 155 3189 eut
172 3135 223 3188 levi
241 3134 319 3199 ΣρΤ
333 3135 357 3186 d.
376 3151 401 3186 v.
421 3139 489 3188 crete
507 3135 549 3188 vel
567 3135 665 3188 calamo
683 3135 767 3188 leriL
784 3134 809 3188 d.
821 3151 848 3187 v.
867 3139 935 3187 crate
946 3137 991 3186 aut
1007 3134 1096 3186 leriH
1116 3135 1142 3189 d.
1160 3151 1187 3188 v.

110 3205 152 3258 rel
171 3203 268 3256 calamo
286 3209 331 3255 eut
347 3202 400 3255 leri
419 3204 440 3254 0
466 3202 491 3256 d.
509 3219 533 3256 r.
552 3206 655 3255 omisere
675 3201 975 3269 reciprocandarum.
994 3203 1094 3269 11,20,
1112 3205 1127 3255 1
1150 3203 1185 3264 σῇ

110 3272 182 3336 tte.
201 3274 319 3338 ascripta
337 3271 374 3321 od
390 3287 414 3323 o.
432 3272 482 3323 411
504 3275 582 3324 caria
601 3272 713 3324 lectione
730 3270 898 3322 intercidisse
915 3274 1019 3322 conieci
1034 3271 1090 3323 lale
1106 3271 1186 3337 quid.-

109 3338 235 3404 [turbidos
253 3338 311 3391 lorti
329 3341 415 3401 canes]
483 3343 534 3392 414
551 3344 571 3391 t.
589 3339 606 3391 1.
624 3343 650 3390 et
667 3355 693 3392 v.
706 3339 769 3390 ΨΟ.
787 3365 821 3376 -
838 3338 943 3391 vulnere
962 3338 1039 3390 codd.
1057 3353 1127 3392 corr.
1145 3339 1184 3390 ed.

108 3408 192 3462 Beetl.
206 3424 231 3458 a.
241 3408 307 3459 1541
376 3409 425 3458 415
443 3406 524 3473 laesa]
543 3408 601 3474 lege
619 3407 742 3471 (induet.)
759 3407 828 3458 laesa
846 3405 876 3457 111
943 3409 993 3460 tto
1010 3405 1117 3459 interius
1135 3407 1187 3458 alto

108 3475 374 3540 decorticant
392 3474 496 3527 interior
505 3474 664 3540 alteZLQlI
713 3477 763 3528 421
782 3474 835 3527 suis
850 3474 927 3526 codd.
937 3478 1059 3526 corraei!
1068 3475 1186 3526 Bueche-

109 3545 181 3595 lerue
230 3545 279 3595 422
293 3542 324 3593 al'
335 3542 434 3610 oppetit
450 3547 480 3593 ut
497 3547 558 3611 pute
576 3546 605 3610 (i.
616 3561 637 3595 e.
646 3546 719 3610 puto)
733 3542 761 3593 M
771 3546 791 3595 i.
800 3558 854 3608 ang.
905 3544 955 3595 423
974 3558 999 3595 n.
1012 3547 1092 3594 termo
1105 3545 1186 3595 trans·

107 3611 173 3678 sugit
191 3615 215 3662 Φ
277 3613 329 3663 424
347 3616 373 3661 et
390 3626 441 3663 em.
458 3610 560 3661 zuen
581 3611 644 3664 odd.
662 3610 697 3662 t²
713 3626 773 3675 cup.
790 3626 814 3664 o.
882 3612 933 3662 428
951 3615 978 3661 et
993 3612 1052 3663 434.
1073 3612 1123 3664 435
1147 3612 1186 3661 eie

108 3678 273 3740 adferuntur
286 3695 303 3729 a
314 3677 457 3730 Vincentio
471 3678 655 3730 Belleoecenci
667 3694 736 3746 spec.
746 3680 806 3730 diet.
815 3675 855 3728 IX
863 3693 884 3728 o.
896 3678 960 3730 113:
977 3676 1052 3729 ‘idem
1068 3676 1185 3742 (Seneca)

107 3748 134 3798 in
144 3745 261 3800 Octavia:
279 3745 378 3797 luxuria
390 3745 483 3797 blande
500 3746 589 3813 pestis.
608 3746 699 3799 victrix
713 3745 782 3798 orbis
798 3745 934 3797 immensae
952 3761 967 3797 o
987 3760 1015 3798 es
1032 3745 1116 3799 avaris
1133 3760 1186 3797 ma·

108 3815 184 3867 nibus
200 3820 229 3867 ut
247 3814 337 3882 perdet
354 3814 436 3881 repit’
494 3817 544 3868 433
563 3814 588 3867 d.
606 3829 669 3882 opes
683 3812 812 3882 poterell
829 3812 854 3866 d.
867 3817 957 3881 patens
1045 3815 1095 3866 438
1112 3829 1185 3866 scee-

107 3899 160 3934 nae
176 3886 335 3949 inscriptum
352 3881 428 3935 Nero.
447 3881 592 3936 Praefectus
610 3886 660 3950 (pr.
672 3881 781 3935 militum
792 3881 823 3948 0)
840 3881 936 3934 Seneca
989 3884 1039 3935 439
1057 3881 1186 3949 Sillaeque

107 3950 184 4003 cedd.
203 3954 239 4014 (et
256 3968 279 4002 υ,
297 3951 348 4002 too
366 3950 472 4015 Siliam).
491 3980 525 3989 —
543 3950 670 4004 abscisum
690 3947 799 4016 ΣΩΜῚ
816 3948 957 4003 eboriacum
974 3948 1071 4001 112011

928 4033 989 4086 fro*
