2580 4366
206 836 331 898 Scaenae
353 835 409 897 suh
432 834 660 897 Phoenissarum
684 837 804 898 nomine
826 839 857 899 in
875 837 1012 915 Etrusco,
1034 841 1192 903 Thebaidis

141 918 164 978 in
178 920 357 1001 interpolatis
371 920 454 981 libris
470 921 643 982 coniunctas
659 940 715 983 nec
730 940 820 984 unam
836 922 1015 1001 tragoediam
1030 943 1086 986 nee
1102 925 1191 988 unius

142 1007 283 1083 hagoediae
312 1007 476 1083 fragmenta
506 1025 571 1066 esse
600 1006 711 1067 dudum
734 1007 913 1069 intellectum
937 1017 982 1069 est
1003 1017 1032 1070 et
1053 1027 1191 1090 compro·

143 1086 218 1151 hum
238 1110 254 1152 a
275 1090 438 1152 Schmidtio
454 1090 593 1152 Richtero
609 1090 810 1152 Hahruclrero.
841 1093 897 1153 iam
913 1093 1052 1155 omnihus
1066 1113 1190 1173 persua·

144 1190 189 1235 suu
208 1184 306 1237 est-
322 1194 384 1237 non
407 1193 580 1254 persuasum
603 1175 732 1236 Braunio
751 1177 826 1239 llus.
842 1177 937 1239 Rhen.
955 1177 1006 1238 XX
1021 1198 1051 1258 p.
1067 1180 1127 1242 271
1146 1198 1190 1259 sq.

144 1259 246 1322 -haec
267 1261 394 1322 duarum
416 1279 481 1321 esse
503 1260 720 1339 tragoediarum
743 1262 835 1337 initia,
860 1263 965 1342 Oedipi
985 1263 1137 1325 cuiusdam
1161 1274 1190 1326 et

84 1358 90 1371 ·
144 1339 364 1418 Phoenissam,
391 1354 443 1406 ant
471 1345 670 1422 perfectarum
692 1345 760 1406 olim
784 1366 859 1426 quae
881 1346 1064 1411 Hahruoheri
1087 1349 1188 1428 opinio

146 1435 181 1504 tol,
199 1443 244 1492 ant
264 1430 511 1511 perficiendarum
534 1448 609 1508 quae
631 1429 758 1509 Peiperi.

205 1522 288 1594 atque
310 1515 493 1577 diversorum
516 1513 564 1576 illa
587 1533 652 1575 esse
668 1524 910 1594 argumentorum
926 1526 1043 1596 praeter
1058 1519 1188 1582 rationes

146 1597 224 1660 arins
244 1600 338 1662 doctis
360 1599 469 1660 adlatas
491 1617 526 1660 eo
549 1599 691 1660 docemur
712 1601 792 1680 quod
814 1601 845 1662 in
867 1603 999 1663 secundo
1022 1604 1187 1682 fragmento

147 1696 189 1741 non
207 1684 377 1764 Antigonam
406 1692 519 1745 tantum
551 1693 580 1745 et
601 1683 754 1759 Ismenen,
784 1685 835 1745 sed
864 1693 893 1746 et
919 1687 1016 1765 ipsum
1039 1689 1187 1767 Oedipum

146 1760 226 1830 Phehis
247 1778 433 1831 occaecatum
455 1769 551 1830 vivere
574 1788 634 1829 non
657 1769 741 1832 aliter
762 1788 850 1848 quam
866 1771 896 1832 in
912 1770 1084 1832 Phoenissis
1098 1771 1187 1833 Enri-

147 1845 351 1923 nidrosiam
373 1854 522 1914 Thebaide
544 1855 751 1933 praesumitur.
795 1855 860 1916 vide
882 1858 943 1918 550

726 1951 801 2001 totus
821 1939 872 2001 hoo
893 1944 1043 2011 coercitor,

316 2022 367 2084 hoc
384 2023 510 2104 popolus
532 2027 632 2093 emota,
654 2035 775 2104 atroque
796 2025 847 2087 hoo
867 2027 938 2087 vidit
960 2043 1043 2087 soror

315 2113 499 2188 genetrixque
521 2108 609 2169 vidit:
636 2122 809 2189 cumpater
829 2111 908 2172 dedet
930 2111 985 2172 eidi

316 2194 391 2273 pond
411 2197 548 2256 istonon
568 2197 712 2272 spectavit.

147 2279 198 2344 firgo
214 2275 236 2335 si
256 2295 317 2337 non
340 2296 460 2339 caecum
483 2297 514 2338 se
537 2277 712 2338 reddidisset
733 2286 880 2358 spectaret
900 2279 964 2341 ista.

207 2375 227 2418 v.
243 2363 303 2423 622
545 2362 615 2423 cade
637 2374 665 2424 ot
685 2363 717 2424 id
738 2363 841 2424 hallam
861 2383 926 2443 pere

314 2451 347 2508 in
368 2464 421 2526 poe
440 2459 526 2527 peter
546 2458 690 2529 materque
708 2453 854 2527 pugnanti
874 2448 928 2511 tihi

314 2533 415 2612 favere
431 2536 542 2612 possint

145 2612 201 2681 llod
218 2614 312 2678 dicere
333 2617 476 2678 locastam
497 2617 667 2679 memineris
681 2625 838 2697 postquam
853 2626 914 2678 tres
929 2635 1024 2681 annos
1038 2617 1095 2679 iam
1111 2637 1185 2682 exu-

143 2685 191 2756 lavit
205 2697 356 2780 Polynices
379 2705 453 2780 (370
476 2706 544 2781 sq.).
585 2703 683 2781 itaque
712 2722 754 2762 vv.
781 2705 915 2768 1-362
945 2712 974 2764 et
1003 2705 1183 2767 363-664

142 2778 201 2842 nullo
220 2785 336 2847 vinculo
351 2786 430 2848 inter
444 2806 476 2848 se
491 2804 617 2848 conexas
633 2806 772 2848 essenon
789 2788 887 2850 minus
906 2798 1019 2850 certum
1035 2797 1080 2851 est
1094 2806 1182 2867 quam

140 2859 237 2947 dipsa
258 2871 371 2932 Seneca
396 2881 424 2932 et
446 2874 501 2933 hos
524 2880 553 2932 et.
574 2872 641 2933 illos
663 2872 808 2950 originem
831 2873 976 2950 habere.¹)

200 2956 351 3017 coniunxit
373 2974 494 3020 scaenas
515 2956 580 3018 illas
602 2966 631 3019 et
646 2957 875 3019 Phoenissarum
896 2959 1016 3020 nomine
1030 2957 1184 3036 inscripsit

135 3035 172 3110 qni
194 3040 305 3119 primus
334 3059 439 3103 novem
467 3041 598 3104 Senecae
625 3042 843 3120 tragoediarum
872 3062 983 3123 corpus
1005 3042 1182 3122 composuit

132 3122 193 3198 quod
213 3144 268 3187 nec
290 3125 326 3187 ab
345 3127 409 3206 ipso
425 3127 539 3188 Seneca
554 3145 609 3187 nec
625 3127 688 3188 vivo
704 3127 816 3188 Seneca
830 3129 940 3190 laetum
955 3145 1020 3189 esse
1039 3127 1068 3188 id
1083 3127 1182 3205 ipsum

128 3220 283 3283 argumento
312 3220 367 3272 est.
411 3211 582 3292 supervenit
609 3211 802 3291 interpolator
831 3223 860 3275 et
887 3212 1067 3291 tragoediam
1089 3210 1181 3272 choro

126 3304 258 3357 menum
288 3304 319 3357 et
345 3295 375 3356 in
404 3297 504 3375 priore
529 3306 613 3376 parte
635 3297 670 3358 ab
693 3296 843 3376 Euripidis
865 3296 1036 3357 Phoenissis
1058 3314 1182 3376 prorsus

198 3480 216 3539 ¹)
240 3494 290 3546 qua
315 3479 348 3531 de
369 3495 396 3531 re
419 3495 476 3532 euru
500 3481 557 3533 aliis
579 3482 618 3533 sui
641 3484 698 3533 aevi
715 3482 777 3534 viris
795 3479 900 3533 eruditis
918 3479 1059 3533 Bentleium
1078 3495 1182 3547 quoque

116 3544 240 3600 dubitasse
258 3547 389 3599 adnotatio
408 3547 439 3598 ad
457 3547 515 3600 lior.
533 3563 608 3602 serm.
627 3549 662 3614 ll,
681 3553 709 3614 3,
728 3553 778 3603 303
796 3547 871 3600 docet
885 3545 1013 3609 ‘Scaeam
1032 3552 1086 3601 stoa
1107 3549 1179 3615 aliua

110 3617 206 3680 potius,
223 3618 253 3664 in
266 3615 437 3666 Phaenaru'.
464 3617 581 3668 nimirum
600 3617 679 3669 solida
699 3618 782 3671 adhue
799 3617 939 3668 habebatur
958 3616 1097 3684 tragoedia.
1124 3630 1182 3681 per·

111 3682 180 3733 norit
204 3688 289 3734 autem
311 3683 424 3735 Senecae
448 3684 591 3751 tragoedias
617 3685 759 3750 Bentleins,
787 3685 855 3752 quod
884 3685 944 3737 inde
971 3685 1085 3750 conligas
1111 3681 1182 3749 quod

108 3750 194 3802 omnia
211 3751 264 3802 iere
281 3765 348 3816 quae
363 3750 408 3802 ille
426 3766 457 3803 ex
475 3752 579 3804 Horatio
596 3755 705 3820 sumpsit
722 3755 778 3833 ipse
798 3753 896 3812 attulin
924 3767 1016 3819 nempe
1034 3750 1181 3803 emendarit

105 3833 189 3886 paene
207 3817 285 3870 nihil:
304 3818 372 3871 unde
389 3819 504 3886 conligas
521 3820 548 3871 in
566 3825 713 3887 contemptu
732 3822 790 3875 illas
807 3821 876 3889 apud
893 3820 1035 3872 Bentleium
1057 3818 1144 3870 luisse.
