2580 4366
609 555 678 630 ΙΠ.
687 557 708 631 1)

193 875 376 954 Exemplaria
393 874 585 954 interpolatae
601 872 739 935 editionis
755 893 830 953 quae
841 875 872 935 in
883 875 982 936 ltaliae
994 875 1181 939 bibliothecis

108 969 295 1022 asservantur
316 961 378 1020 lere
401 959 498 1019 omnia
513 993 555 1003 -
570 976 674 1019 omnes
696 959 812 1021 codices
828 958 978 1021 Romanos
992 959 1182 1023 Florentincs

108 1046 342 1108 Mediolanenses
356 1042 566 1124 Neapolitanos
579 1042 706 1104 Venetos
719 1043 892 1106 Caesenates
907 1044 1094 1106 Mutinenses
1113 1046 1182 1107 Par-

107 1149 239 1192 mensem
261 1129 481 1190 Bononiensem
503 1127 700 1189 Ravennatem
723 1127 795 1189 alios
811 1161 851 1172 -
866 1128 980 1208 inspexi
996 1139 1026 1191 et
1040 1131 1183 1209 quaedam

108 1215 252 1295 excerpsi.
296 1215 332 1275 de
361 1213 469 1291 quibus
499 1230 566 1273 cum
595 1212 671 1274 scitu
701 1211 788 1290 digna
816 1213 896 1274 haud
924 1231 1018 1293 pauca
1048 1215 1182 1295 prolerre

108 1317 243 1380 possem,
272 1298 413 1378 pleraque
441 1307 539 1358 tamen
568 1297 755 1376 paucissimis
783 1305 897 1359 tantum
925 1307 1046 1378 accepta
1068 1300 1180 1362 forent:

107 1385 180 1464 ipsis
203 1383 316 1444 scilicet
336 1391 440 1462 poetae
462 1380 559 1443 verbis
581 1401 637 1443 nec
660 1382 789 1461 quaesivi
811 1382 880 1444 inde
902 1383 1042 1444 auxilium
1060 1403 1117 1447 nec
1136 1383 1178 1445 in·

106 1470 183 1529 veni.
228 1468 257 1528 id
280 1485 373 1528 unum
394 1484 538 1542 memoro,
560 1466 799 1545 antiquissimum
822 1466 956 1528 codicum
978 1467 1110 1544 illorum,
1132 1469 1183 1548 qui

107 1552 225 1632 quidem
249 1550 391 1631 temporis
407 1558 505 1611 notam
521 1552 626 1623 lerant,
649 1569 714 1612 esse
729 1551 960 1613 Laurentianum
977 1554 1029 1626 37,
1052 1554 1181 1633 611111-

106 1638 317 1710 11111.1368;
334 1654 350 1695 1
362 1654 422 1714 quo
433 1635 646 1714 transscriptus
657 1644 701 1696 est
713 1636 777 1696 cod.
787 1635 943 1698 Vaticanus
957 1640 1038 1700 1647
1052 1638 1181 1718 scriptus

26 1780 28 1783 .
107 1722 194 1783 annis
225 1722 302 1784 1391
334 1728 364 1782 et
394 1722 485 1784 1392.
537 1719 650 1781 contuli
678 1738 746 1781 cnm
775 1720 862 1781 Laur.
893 1722 945 1796 37,
974 1724 994 1785 6
1023 1721 1181 1785 Herculem

108 1807 265 1881 Oetaeum3
287 1806 338 1867 sed
361 1805 444 1866 illum
468 1823 586 1884 quoque
609 1805 718 1866 librum
739 1812 773 1866 ut
794 1806 825 1866 in
844 1805 925 1867 ltalia
947 1805 1109 1886 plerosque
1120 1815 1181 1869 tam

107 1891 248 1953 intectum
278 1890 376 1952 inveni
410 1888 689 1968 interpolationibus
723 1898 751 1951 et
783 1890 961 1952 correcturis
990 1909 1026 1951 ex
1053 1891 1181 1955 Etrusco

108 1976 252 2048 oriundis,
275 1984 308 2037 ut
329 1983 424 2036 totum
447 1983 585 2036 excutere
608 1975 866 2054 operaepretium
890 1994 950 2036 non
965 1975 1116 2037 ducerem.
1149 1995 1182 2038 ac

109 2060 266 2122 dolendum
295 2067 340 2120 est
368 2059 447 2138 quod
470 2058 519 2119 illa
541 2059 577 2119 de
601 2077 686 2120 causa
710 2078 772 2120 uno
797 2078 832 2121 ex
853 2059 1013 2138 volgarium
1035 2059 1181 2123 librorum

108 2155 186 2207 secta
210 2144 348 2205 ducenti
372 2162 432 2204 111
455 2143 533 2204 11111.
569 2144 666 2204 missis
688 2152 784 2204 autem
809 2144 914 2206 ceteris
935 2145 1098 2224 praeterire
1121 2164 1181 2207 non

107 2228 200 2290 debeo
217 2228 347 2289 codicem
362 2227 593 2289 Laurentiannm
610 2230 660 2304 37,
679 2232 714 2291 11
732 2229 987 2290 membranaceum
1003 2230 1115 2291 saeculi
1132 2230 1182 2291 XV

108 2314 160 2392 qui
181 2312 238 2374 luit
259 2312 333 2374 liber
353 2311 487 2391 Poggii
511 2320 543 2374 ut
565 2312 629 2392 ipse
651 2313 682 2374 in
705 2313 772 2375 libri
788 2313 867 2376 calce
883 2320 1005 2375 testatus
1020 2321 1075 2375 est.
1114 2333 1181 2376 nam

107 2398 188 2477 quod
217 2396 257 2458 ibi
286 2397 395 2475 legitur
422 2396 546 2457 LIBER.
568 2396 699 2458 POGGll
721 2398 816 2477 ipsius
837 2417 926 2459 manu
948 2399 1094 2477 scriptum
1117 2417 1182 2462 esse

107 2480 174 2544 libri
198 2480 233 2543 ab
253 2482 319 2561 ipso
341 2482 448 2543 exarati
469 2482 520 2560 qui
536 2483 566 2543 in
583 2481 759 2544 bibliotheca
773 2482 969 2545 Laurentiano
988 2483 1183 2546 inveniuntur

107 2568 216 2628 docent
237 2569 274 2642 (e.
294 2585 322 2646 g.
346 2567 455 2628 codicis
479 2568 529 2642 98,
553 2568 593 2628 22
617 2567 817 2647 subscriptio).
858 2567 930 2630 illud
952 2567 1180 2648 1ςί11111111-

106 2651 221 2713 diarum
244 2651 402 2730 exemplar,
425 2650 504 2731 quod
525 2653 753 2731 transscriptum
769 2660 814 2714 est
829 2671 864 2713 ex
878 2651 1078 2714 Laurentiano
1094 2655 1146 2731 37,
1164 2658 1178 2717 1

105 2737 150 2797 vel
172 2736 235 2797 eius
257 2735 416 2810 simillimo,
439 2755 454 2796 a
475 2735 538 2796 viro
561 2737 647 2797 docto
670 2755 693 2798 s.
709 2737 760 2798 XV
774 2736 953 2799 correcturis
973 2738 1182 2816 frequentibus

106 2822 279 2881 adornatum
302 2830 356 2897 111,
379 2839 454 2900 quae
476 2821 628 2882 maximam
652 2831 764 2901 partem
788 2841 850 2883 non
873 2841 890 2883 e
913 2821 1013 2882 codice
1028 2823 1182 2885 fluxerunt

108 2905 160 2967 sed
181 2904 276 2985 ipsius
299 2905 486 2967 coniecturae
508 2913 592 2966 sunt:
624 2906 654 2966 in
680 2907 790 2986 quibus
812 2906 892 2985 quod
916 2925 989 2968 nova
1012 2908 1181 2971 emendatio

106 2991 230 3052 fortasse
253 2990 333 3050 nulla
355 2997 409 3065 est,
431 2990 460 3051 id
484 2989 658 3070 exemplaris
680 2997 783 3052 natura
806 2992 876 3052 satis
898 2990 1070 3071 explicatur,
1095 2993 1181 3055 cuius

105 3076 211 3138 menda
241 3074 276 3135 ad
303 3092 443 3135 versuum
465 3092 584 3135 normas
606 3076 821 3154 quodammodo
844 3093 996 3138 revocasse
1018 3086 1181 3140 contentus

106 3161 131 3220 si
160 3160 271 3240 optime
299 3178 360 3220 rem
390 3159 479 3237 gessit
506 3159 655 3238 vulgarem
677 3161 835 3222 lectionem
858 3160 1002 3236 restituit,
1032 3161 1058 3222 si
1080 3163 1181 3225 minus

106 3243 282 3325 plerumque
308 3243 504 3318 tolerabilem,
534 3251 562 3305 et
590 3245 717 3312 subinde.
737 3245 854 3325 quidem
878 3264 941 3306 eam
964 3263 1052 3325 quam
1076 3247 1182 3310 Aldina

107 3326 220 3390 Avantii
243 3329 332 3390 editio
354 3330 482 3409 primum
505 3330 610 3390 refert:
640 3348 700 3409 quo
723 3329 942 3410 comprobatur,
969 3332 1048 3409 quod
1071 3350 1181 3412 perse

104 3412 166 3472 veri
188 3412 244 3472 1111
265 3413 369 3485 simile,
392 3433 452 3475 non
476 3415 574 3474 omnia
597 3433 671 3493 quae
689 3415 719 3475 in
736 3414 783 3476 illa
799 3424 902 3476 novata
918 3415 1039 3477 suntab
1055 3416 1180 3478 brantio

105 3495 171 3574 ipso
200 3497 316 3557 inventa
345 3515 419 3560 esse.
466 3508 554 3578 atque
583 3499 651 3560 libri
679 3508 876 3562 correctorem
892 3500 1004 3579 ,ipsum
1032 3499 1179 3580 Poggium

105 3579 196 3641 fuisse
217 3579 342 3641 maxime
357 3582 509 3660 probabile
524 3591 584 3658 est;
608 3582 686 3663 quod
704 3592 783 3645 extra
799 3582 1011 3646 dubitationem
1025 3586 1099 3664 poni
1116 3605 1180 3649 non

123 3850 134 3897 t
193 3779 210 3840 ¹1
230 3778 322 3858 abhinc
338 3794 436 3832 rursum
454 3797 536 3850 usque
553 3783 585 3836 ad
599 3784 676 3836 linem
687 3784 744 3835 libri
759 3783 879 3836 Gronovii
890 3784 915 3834 in
928 3783 1047 3837 notamlis
1059 3786 1177 3840 versibus

104 3861 206 3900 111111
222 3860 340 3900 numeris.
