2580 4366
611 227 753 270 vlttnlcttn

595 475 770 543 Pandunt

230 616 270 677 46
417 564 419 574 ¹
513 619 592 695 picta
613 614 728 676 roobenti

355 698 431 759 lineo
448 703 541 778 pinno
562 718 636 760 ooooo
659 699 753 760 oloodot

355 795 464 846 terrore
485 785 574 863 seros.

145 867 247 929 maluit
268 867 303 928 N.
321 867 461 948 Heinsius
475 869 537 930 adv.
559 887 588 948 p.
605 869 655 939 61,
677 868 757 946 quod
780 867 881 929 nescio
904 885 941 928 an
965 866 1122 947 plerisque
1145 869 1226 931 hunc

145 953 243 1014 locum
266 953 433 1032 legentibus
448 952 479 1014 in
494 962 623 1016 mentem
638 952 745 1028 veniat,
767 971 841 1014 cono
864 953 944 1014 ludot
968 954 1143 1029 (namucno
1166 954 1225 1015 elu-

146 1039 193 1099 dat
208 1038 338 1100 Senecae
360 1037 480 1100 auribus
503 1057 564 1100 non
587 1038 656 1099 item
679 1037 856 1134 placuisset,
880 1038 916 1098 cl.
932 1037 965 1096 B.
982 1037 1168 1100 Schmidtius
1191 1039 1225 1100 de

146 1122 260 1184 emend.
283 1121 362 1184 Sen.
360 1130 446 1202 trag.
462 1143 491 1203 p.
508 1123 572 1199 28).
618 1122 665 1184 cui
689 1121 876 1184 coniecturae
900 1122 995 1183 lavere
1018 1122 1138 1183 radetur
1153 1123 1223 1184 Gra

145 1207 204 1268 tius
227 1213 343 1309 (cpneg.
359 1227 384 1268 v.
403 1210 455 1283 85)
478 1220 521 1270 ost
543 1207 594 1270 udi
614 1208 705 1270 leootoe
720 1208 864 1269 interdum
881 1203 981 1286 diduco
998 1208 1143 1286 fucantur
1157 1227 1222 1269 son·

145 1293 211 1371 dpre
226 1310 334 1371 ponuoe
356 1293 495 1372 linteaque
516 1296 652 1373 conpositis
675 1292 767 1354 lucent
788 1291 942 1353 anconibus
964 1309 1058 1367 ormo,
1080 1310 1185 1355 rorum
1199 1297 1224 1354 ιι·

145 1395 201 1474 quo
215 1387 306 1439 noetus
328 1377 454 1439 eloodot
476 1377 557 1439 belua
578 1377 677 1458 salsos.
715 1376 767 1438 sed
782 1375 877 1439 dudot
893 1387 1001 1439 terrore
1015 1377 1097 1455 seros
1121 1377 1221 1456 exqui-

145 1460 229 1523 sitius
252 1470 348 1524 estet
376 1460 452 1522 hene
475 1462 639 1524 declaratur
661 1459 827 1524 Nemesiani
849 1459 1036 1522 versibusc
1008 1464 1036 1539 (c
1040 1480 1125 1541 pneg.
1149 1464 1221 1542 363)

146 1546 222 1609 laneo
243 1550 312 1628 quin
335 1549 428 1618 ettoon,
449 1565 566 1627 mopnos
581 1548 758 1611 cr'rounodore
773 1544 863 1608 soltus
885 1565 955 1626 quoe
973 1549 1065 1628 possit
1080 1545 1220 1608 volucres-

145 1650 197 1711 que
218 1643 294 1694 metu
324 1631 547 1694 concludere
564 1633 704 1713 praedas,
734 1633 844 1711 diperot
873 1635 995 1694 innectus
1023 1648 1081 1691 non
1103 1650 1165 1694 uno
1186 1649 1221 1693 ιι

146 1714 213 1778 alite
231 1721 348 1796 pinnas.
385 1736 506 1798 nomque
520 1736 604 1780 ursos
618 1752 659 1762 —
674 1751 716 1760 -
731 1716 890 1796 terrificant
905 1715 1011 1796 linique
1030 1725 1128 1779 uetant
1142 1727 1221 1779 tron-

145 1803 274 1863 scendere
295 1812 433 1882 sooptuuo.
462 1837 495 1844 -
520 1803 603 1863 adv.
627 1804 664 1864 41
684 1819 728 1880 sq.
752 1801 789 1862 cf.
810 1800 889 1862 Grat.
912 1801 984 1862 223.
1008 1798 1127 1862 Nemes
1152 1802 1222 1864 324.

231 1938 271 2000 86
358 1941 439 1999 ouius
456 1956 512 2017 per
534 1956 615 1999 omne
637 1939 705 1999 litus
726 1941 895 1999 innumerae
916 1948 992 1998 rates

360 2034 473 2084 tenuere
491 2033 613 2103 poutuon

144 2106 217 2167 haec
240 2123 306 2166 cum
329 2124 450 2168 sensum
466 2107 605 2169 idoneum
628 2106 798 2187 praebeant,
822 2105 947 2167 cumeis
970 2114 1046 2183 quae
1062 2114 1220 2169 secuntur:

145 2191 280 2270 quidquid
299 2189 416 2270 despota
437 2201 520 2254 tenus
541 2190 642 2256 tellure
663 2190 772 2255 Nereus
790 2194 908 2271 pervius
929 2192 1033 2252 rostris
1055 2203 1130 2254 secut
1153 2210 1223 2254 con·

146 2274 237 2337 ciliari
262 2284 423 2354 nequeunt.
469 2295 536 2338 nam
560 2288 593 2340 ut
613 2277 707 2338 Nerea
730 2282 879 2338 secantem
901 2273 1108 2354 intellegamus
1126 2276 1222 2338 Asiam

145 2359 180 2420 ab
196 2360 329 2440 Aegypto
345 2361 530 2423 dirimentem
548 2362 617 2437 sive,
640 2369 674 2424 ut
688 2360 728 2423 ait
742 2360 919 2437 Gronovius,
943 2358 1071 2439 spatium
1087 2361 1125 2422 ab
1142 2361 1221 2441 Syria

146 2461 241 2523 usque
270 2445 305 2505 ad
334 2445 495 2507 contrarias
524 2454 623 2527 partes
653 2447 828 2508 dividentem
851 2445 895 2506 vel
924 2444 1154 2522 interluentem,
1181 2447 1222 2508 sic

145 2530 282 2611 quidquid
295 2530 331 2591 ad
347 2530 414 2591 litus
430 2530 504 2591 trahi
520 2531 650 2607 deberet,
666 2531 746 2612 quod
761 2530 824 2592 lieri
841 2529 945 2609 nequit
960 2536 1118 2609 postquam
1131 2531 1221 2592 inter·

146 2613 233 2676 cessit
256 2625 370 2677 tenuere
388 2625 518 2697 pontum.
556 2624 680 2697 apparet
700 2623 797 2677 autem
812 2614 949 2677 tellurem
971 2614 1073 2693 potius
1092 2615 1221 2678 rimaris

145 2699 176 2760 in
199 2698 311 2762 insulas
334 2700 488 2762 dissectam
510 2700 647 2776 indicari;
670 2710 759 2781 atquc
781 2699 878 2779 agitur
900 2699 935 2761 de
949 2698 1057 2760 Minois
1082 2699 1221 2762 thalasso·

145 2784 232 2846 cratia
248 2784 278 2845 id
294 2796 339 2848 est
354 2786 390 2847 de
405 2804 498 2866 regnu
513 2787 544 2847 in
560 2786 681 2848 insulas.
721 2787 777 2847 hoc
791 2784 955 2864 significatu
971 2794 1073 2864 portus
1088 2785 1221 2847 scriben-

145 2869 214 2931 dum
237 2888 301 2932 esse
324 2871 447 2946 conieci,
470 2880 503 2932 ut
524 2870 637 2932 scilicet
651 2869 788 2950 sequenti
810 2869 973 2931 sententiae
995 2877 1079 2948 parte
1101 2870 1223 2933 addatur

145 2962 249 3034 portus
265 2954 428 3017 insularum
444 2975 518 3018 esse.
554 2957 605 3017 sed
621 2956 664 3017 sic
679 2972 798 3035 quoque
813 2953 883 3016 satis
905 2952 978 3014 dura
996 2961 1041 3014 est
1063 2955 1221 3018 verborum

145 3047 293 3101 structura
316 3049 346 3101 et
373 3041 495 3119 cogitari
518 3049 643 3120 possunt
665 3040 720 3102 alia
742 3047 831 3120 atque
852 3039 974 3118 aptiora.
1019 3047 1119 3117 potest
1143 3042 1221 3103 enim

146 3126 298 3203 genetivus
322 3125 412 3187 latere
427 3145 443 3187 a
457 3127 596 3206 quidquid
615 3125 749 3205 pendens
764 3124 809 3185 rel
823 3131 900 3185 terra
916 3121 1051 3203 Assyriae
1074 3125 1221 3187 contraria

145 3209 271 3272 indicata
293 3210 395 3272 fuisse.

230 3349 292 3411 315
358 3357 385 3408 ιι
406 3347 464 3407 dies
486 3346 567 3408 tardo
589 3347 727 3406 reuoeooit
749 3354 824 3417 ortu,

355 3432 424 3493 dum
445 3441 571 3493 tremunt
591 3448 660 3492 oues
680 3431 814 3509 procuro
835 3445 933 3490 curru.

145 3535 251 3579 currus
267 3517 352 3579 cuins
367 3534 435 3577 axes
451 3515 584 3594 gradere
598 3515 718 3594 aurigae
734 3512 867 3593 pondere
882 3520 1012 3574 tremunt
1021 3511 1126 3574 Lunae
1142 3513 1220 3574 vide·

144 3602 213 3664 licet
236 3619 342 3664 currus
365 3608 409 3662 est
437 3600 507 3662 dum
530 3619 545 3661 a
568 3599 637 3662 Scle
657 3599 787 3678 rugitum
812 3597 897 3694 atqui
920 3613 981 3658 non
1005 3594 1088 3656 illum
1112 3597 1220 3660 retinet

144 3686 282 3748 Phoebus
309 3686 379 3748 dum
408 3703 517 3747 novum
546 3684 624 3747 diem
652 3683 760 3746 educit.
811 3682 900 3743 immo
931 3681 1026 3743 donec
1054 3681 1157 3744 redeat
1185 3682 1220 3744 alo

145 3771 253 3833 amasio
268 3771 351 3833 Luna
374 3779 403 3832 et
424 3769 579 3851 proprium
601 3787 722 3833 currum
743 3767 902 3830 ascendere
923 3766 1014 3827 irater
1036 3768 1141 3845 possit,
1164 3767 1220 3829 ism

144 3855 261 3934 longior
277 3874 337 3916 nox
358 3857 432 3918 laeta
455 3864 499 3916 est
528 3864 558 3916 et
585 3855 635 3916 lux
657 3872 721 3916 sera
744 3852 851 3933 prodit.
890 3868 961 3930 ergo
977 3849 1013 3912 ad
1028 3849 1130 3914 Solem
1152 3869 1220 3931 ger-

142 3957 247 4002 manae
269 3940 331 4002 vice
353 3941 526 4022 fungentem
550 3940 725 4019 relegandus
748 3943 838 4001 estv.
863 3937 934 4000 316.
