<?xml version="1.0" encoding="UTF-8"?>
<!DOCTYPE html PUBLIC "-//W3C//DTD XHTML 1.0 Transitional//EN"
    "http://www.w3.org/TR/xhtml1/DTD/xhtml1-transitional.dtd">
<html xmlns="http://www.w3.org/1999/xhtml" xml:lang="en" lang="en">
 <head>
  <title>
</title>
<meta http-equiv="Content-Type" content="text/html;charset=utf-8" />
  <meta name='ocr-system' content='tesseract 3.04.00' />
  <meta name='ocr-capabilities' content='ocr_page ocr_carea ocr_par ocr_line ocrx_word'/>
</head>
<body>
  <div class='ocr_page' id='page_1' title='image "./tragoediae00leogoog_0127.png"; bbox 0 0 2580 4366; ppageno 0'>
   <div class='ocr_carea' id='block_1_1' title="bbox 453 208 845 251">
    <p class='ocr_par' dir='ltr' id='par_1_1' title="bbox 453 208 845 251">
     <span class='ocr_line' id='line_1_1' title="bbox 453 208 845 251; baseline 0.003 -2"><span class='ocrx_word' id='word_1_1' title='bbox 453 208 491 250; x_wconf 81' lang='lat' dir='ltr'><strong>DE</strong></span> <span class='ocrx_word' id='word_1_2' title='bbox 512 208 639 251; x_wconf 74' lang='lat' dir='ltr'><strong>GANTlClS</strong></span> <span class='ocrx_word' id='word_1_3' title='bbox 659 208 845 251; x_wconf 74' lang='lat' dir='ltr'><strong>rubruurms.</strong></span> 
     </span>
    </p>
   </div>
   <div class='ocr_carea' id='block_1_2' title="bbox 111 360 1183 695">
    <p class='ocr_par' dir='ltr' id='par_1_2' title="bbox 318 360 693 437">
     <span class='ocr_line' id='line_1_2' title="bbox 318 360 693 437; baseline 0 -17"><span class='ocrx_word' id='word_1_4' title='bbox 318 360 392 437; x_wconf 77' lang='lat' dir='ltr'><strong>futu,</strong></span> <span class='ocrx_word' id='word_1_5' title='bbox 414 361 463 421; x_wconf 88' lang='lat' dir='ltr'><strong>sed</strong></span> <span class='ocrx_word' id='word_1_6' title='bbox 481 370 588 422; x_wconf 86' lang='lat' dir='ltr'><strong>veteres</strong></span> <span class='ocrx_word' id='word_1_7' title='bbox 609 360 693 420; x_wconf 67' lang='lat' dir='ltr'><strong>mum</strong></span> 
     </span>
    </p>

    <p class='ocr_par' dir='ltr' id='par_1_3' title="bbox 111 448 1183 695">
     <span class='ocr_line' id='line_1_3' title="bbox 320 448 669 522; baseline 0.003 -19"><span class='ocrx_word' id='word_1_8' title='bbox 320 448 382 504; x_wconf 84' lang='lat' dir='ltr'><strong>irae</strong></span> <span class='ocrx_word' id='word_1_9' title='bbox 403 455 537 506; x_wconf 80' lang='lat' dir='ltr'><strong>secuntur</strong></span> <span class='ocrx_word' id='word_1_10' title='bbox 558 463 583 505; x_wconf 91' lang='lat' dir='ltr'><strong>e.</strong></span> <span class='ocrx_word' id='word_1_11' title='bbox 600 462 629 522; x_wconf 88' lang='lat' dir='ltr'><strong>q.</strong></span> <span class='ocrx_word' id='word_1_12' title='bbox 645 462 669 504; x_wconf 89' lang='lat' dir='ltr'><strong>s.</strong></span> 
     </span>
     <span class='ocr_line' id='line_1_4' title="bbox 115 518 1183 609; baseline 0.002 -20"><span class='ocrx_word' id='word_1_13' title='bbox 115 531 187 590; x_wconf 92' lang='lat' dir='ltr'><strong>haec</strong></span> <span class='ocrx_word' id='word_1_14' title='bbox 210 528 248 588; x_wconf 89' lang='lat' dir='ltr'><strong>ita</strong></span> <span class='ocrx_word' id='word_1_15' title='bbox 271 528 420 607; x_wconf 90' lang='lat' dir='ltr'><strong>accepisse</strong></span> <span class='ocrx_word' id='word_1_16' title='bbox 442 528 579 591; x_wconf 88' lang='lat' dir='ltr'><strong>videntur</strong></span> <span class='ocrx_word' id='word_1_17' title='bbox 600 529 684 606; x_wconf 82' lang='lat' dir='ltr'>quasi</span> <span class='ocrx_word' id='word_1_18' title='bbox 707 528 816 590; x_wconf 91' lang='lat' dir='ltr'><strong>dictum</strong></span> <span class='ocrx_word' id='word_1_19' title='bbox 840 523 965 591; x_wconf 86' lang='lat' dir='ltr'><strong>sit‘non</strong></span> <span class='ocrx_word' id='word_1_20' title='bbox 984 529 1060 591; x_wconf 86' lang='lat' dir='ltr'><strong>haec</strong></span> <span class='ocrx_word' id='word_1_21' title='bbox 1073 518 1183 609; x_wconf 78' lang='lat' dir='ltr'><strong>prima&#39;,</strong></span> 
     </span>
     <span class='ocr_line' id='line_1_5' title="bbox 111 607 1182 695; baseline 0 -20"><span class='ocrx_word' id='word_1_22' title='bbox 111 610 192 675; x_wconf 88' lang='lat' dir='ltr'><strong>‘non</strong></span> <span class='ocrx_word' id='word_1_23' title='bbox 221 612 293 673; x_wconf 91' lang='lat' dir='ltr'><strong>haec</strong></span> <span class='ocrx_word' id='word_1_24' title='bbox 319 607 470 687; x_wconf 86' lang='lat' dir='ltr'><strong>demum&#39;;</strong></span> <span class='ocrx_word' id='word_1_25' title='bbox 498 613 578 674; x_wconf 85' lang='lat' dir='ltr'><strong>vides</strong></span> <span class='ocrx_word' id='word_1_26' title='bbox 600 621 697 675; x_wconf 92' lang='lat' dir='ltr'><strong>autem</strong></span> <span class='ocrx_word' id='word_1_27' title='bbox 720 614 801 675; x_wconf 91' lang='lat' dir='ltr'><strong>bunc</strong></span> <span class='ocrx_word' id='word_1_28' title='bbox 823 614 924 694; x_wconf 91' lang='lat' dir='ltr'><strong>potius</strong></span> <span class='ocrx_word' id='word_1_29' title='bbox 944 614 1071 677; x_wconf 76' lang='lat' dir='ltr'><strong>traditae</strong></span> <span class='ocrx_word' id='word_1_30' title='bbox 1092 614 1182 695; x_wconf 90' lang='lat' dir='ltr'><strong>scrip·</strong></span> 
     </span>
    </p>
   </div>
   <div class='ocr_carea' id='block_1_3' title="bbox 54 698 1194 3403">
    <p class='ocr_par' dir='ltr' id='par_1_4' title="bbox 54 698 1194 3403">
     <span class='ocr_line' id='line_1_6' title="bbox 115 698 1180 780; baseline 0.001 -21"><span class='ocrx_word' id='word_1_31' title='bbox 115 707 197 759; x_wconf 89' lang='lat' dir='ltr'><strong>turae</strong></span> <span class='ocrx_word' id='word_1_32' title='bbox 225 716 345 758; x_wconf 90' lang='lat' dir='ltr'><strong>sensum</strong></span> <span class='ocrx_word' id='word_1_33' title='bbox 377 716 456 758; x_wconf 92' lang='lat' dir='ltr'><strong>esse:</strong></span> <span class='ocrx_word' id='word_1_34' title='bbox 486 716 546 758; x_wconf 92' lang='lat' dir='ltr'><strong>non</strong></span> <span class='ocrx_word' id='word_1_35' title='bbox 568 698 746 759; x_wconf 92' lang='lat' dir='ltr'><strong>Labdacidas</strong></span> <span class='ocrx_word' id='word_1_36' title='bbox 774 698 847 760; x_wconf 90' lang='lat' dir='ltr'><strong>haec</strong></span> <span class='ocrx_word' id='word_1_37' title='bbox 876 699 1043 760; x_wconf 79' lang='lat' dir='ltr'><strong>intouunia</strong></span> <span class='ocrx_word' id='word_1_38' title='bbox 1071 706 1180 780; x_wconf 79' lang='lat' dir='ltr'><strong>petunt</strong></span> 
     </span>
     <span class='ocr_line' id='line_1_7' title="bbox 115 782 1179 864; baseline 0 -20"><span class='ocrx_word' id='word_1_39' title='bbox 115 783 166 844; x_wconf 92' lang='lat' dir='ltr'><strong>sed</strong></span> <span class='ocrx_word' id='word_1_40' title='bbox 188 783 245 843; x_wconf 94' lang='lat' dir='ltr'><strong>iam</strong></span> <span class='ocrx_word' id='word_1_41' title='bbox 267 790 334 844; x_wconf 88' lang='lat' dir='ltr'><strong>ante</strong></span> <span class='ocrx_word' id='word_1_42' title='bbox 357 782 524 843; x_wconf 90' lang='lat' dir='ltr'><strong>Labdacum</strong></span> <span class='ocrx_word' id='word_1_43' title='bbox 547 783 663 843; x_wconf 90' lang='lat' dir='ltr'><strong>initium</strong></span> <span class='ocrx_word' id='word_1_44' title='bbox 687 802 808 862; x_wconf 88' lang='lat' dir='ltr'><strong>cepere;</strong></span> <span class='ocrx_word' id='word_1_45' title='bbox 832 785 912 862; x_wconf 92' lang='lat' dir='ltr'><strong>quod</strong></span> <span class='ocrx_word' id='word_1_46' title='bbox 927 802 943 844; x_wconf 93' lang='lat' dir='ltr'><strong>a</strong></span> <span class='ocrx_word' id='word_1_47' title='bbox 959 785 1101 846; x_wconf 77' lang='lat' dir='ltr'>carminis</span> <span class='ocrx_word' id='word_1_48' title='bbox 1115 802 1179 864; x_wconf 84' lang='lat' dir='ltr'><strong>pro</strong></span> 
     </span>
     <span class='ocr_line' id='line_1_8' title="bbox 114 867 1177 948; baseline 0.002 -21"><span class='ocrx_word' id='word_1_49' title='bbox 114 868 212 947; x_wconf 91' lang='lat' dir='ltr'><strong>posito</strong></span> <span class='ocrx_word' id='word_1_50' title='bbox 235 867 363 928; x_wconf 89' lang='lat' dir='ltr'><strong>alienum</strong></span> <span class='ocrx_word' id='word_1_51' title='bbox 386 875 438 928; x_wconf 92' lang='lat' dir='ltr'><strong>est.</strong></span> <span class='ocrx_word' id='word_1_52' title='bbox 470 886 531 930; x_wconf 88' lang='lat' dir='ltr'><strong>uon</strong></span> <span class='ocrx_word' id='word_1_53' title='bbox 554 886 657 947; x_wconf 90' lang='lat' dir='ltr'><strong>premo</strong></span> <span class='ocrx_word' id='word_1_54' title='bbox 680 869 759 946; x_wconf 94' lang='lat' dir='ltr'><strong>quod</strong></span> <span class='ocrx_word' id='word_1_55' title='bbox 774 868 883 929; x_wconf 89' lang='lat' dir='ltr'><strong>choms</strong></span> <span class='ocrx_word' id='word_1_56' title='bbox 898 868 1021 947; x_wconf 81' lang='lat' dir='ltr'><strong>ignarus</strong></span> <span class='ocrx_word' id='word_1_57' title='bbox 1038 869 1177 948; x_wconf 88' lang='lat' dir='ltr'><strong>Oedipum</strong></span> 
     </span>
     <span class='ocr_line' id='line_1_9' title="bbox 115 953 1177 1033; baseline 0.001 -20"><span class='ocrx_word' id='word_1_58' title='bbox 115 972 131 1013; x_wconf 91' lang='lat' dir='ltr'><strong>e</strong></span> <span class='ocrx_word' id='word_1_59' title='bbox 154 953 278 1014; x_wconf 80' lang='lat' dir='ltr'><strong>Labdaci</strong></span> <span class='ocrx_word' id='word_1_60' title='bbox 300 971 409 1031; x_wconf 83' lang='lat' dir='ltr'><strong>genere</strong></span> <span class='ocrx_word' id='word_1_61' title='bbox 432 971 496 1013; x_wconf 93' lang='lat' dir='ltr'><strong>esse</strong></span> <span class='ocrx_word' id='word_1_62' title='bbox 519 953 615 1014; x_wconf 90' lang='lat' dir='ltr'><strong>adbuc</strong></span> <span class='ocrx_word' id='word_1_63' title='bbox 636 953 773 1032; x_wconf 81' lang='lat' dir='ltr'><strong>Meropas</strong></span> <span class='ocrx_word' id='word_1_64' title='bbox 800 953 884 1016; x_wconf 91' lang='lat' dir='ltr'><strong>illum</strong></span> <span class='ocrx_word' id='word_1_65' title='bbox 906 953 1072 1033; x_wconf 81' lang='lat' dir='ltr'><strong>Polybique</strong></span> <span class='ocrx_word' id='word_1_66' title='bbox 1093 953 1177 1015; x_wconf 87' lang='lat' dir='ltr'><strong>lilium</strong></span> 
     </span>
     <span class='ocr_line' id='line_1_10' title="bbox 90 1037 1176 1118; baseline 0.002 -21"><span class='ocrx_word' id='word_1_67' title='bbox 90 1037 201 1098; x_wconf 85' lang='lat' dir='ltr'><strong>¹habet</strong></span> <span class='ocrx_word' id='word_1_68' title='bbox 223 1037 274 1113; x_wconf 84' lang='lat' dir='ltr'><strong>(cl.</strong></span> <span class='ocrx_word' id='word_1_69' title='bbox 297 1039 354 1099; x_wconf 87' lang='lat'><strong>661</strong></span> <span class='ocrx_word' id='word_1_70' title='bbox 381 1040 456 1115; x_wconf 85' lang='lat' dir='ltr'><strong>sq.);</strong></span> <span class='ocrx_word' id='word_1_71' title='bbox 478 1056 580 1099; x_wconf 88' lang='lat' dir='ltr'><strong>verum</strong></span> <span class='ocrx_word' id='word_1_72' title='bbox 602 1046 670 1116; x_wconf 88' lang='lat' dir='ltr'><strong>post</strong></span> <span class='ocrx_word' id='word_1_73' title='bbox 691 1056 716 1098; x_wconf 89' lang='lat' dir='ltr'><strong>v.</strong></span> <span class='ocrx_word' id='word_1_74' title='bbox 733 1039 796 1100; x_wconf 77' lang='lat'><strong>709</strong></span> <span class='ocrx_word' id='word_1_75' title='bbox 818 1039 921 1117; x_wconf 90' lang='lat' dir='ltr'><strong>utique</strong></span> <span class='ocrx_word' id='word_1_76' title='bbox 942 1038 1094 1118; x_wconf 81' lang='lat' dir='ltr'><strong>flagitatur</strong></span> <span class='ocrx_word' id='word_1_77' title='bbox 1112 1038 1176 1099; x_wconf 82' lang='lat' dir='ltr'><strong>beer</strong></span> 
     </span>
     <span class='ocr_line' id='line_1_11' title="bbox 113 1122 1174 1202; baseline 0.001 -19"><span class='ocrx_word' id='word_1_78' title='bbox 113 1122 275 1183; x_wconf 84' lang='lat' dir='ltr'><strong>sententia:</strong></span> <span class='ocrx_word' id='word_1_79' title='bbox 307 1141 368 1183; x_wconf 90' lang='lat' dir='ltr'><strong>non</strong></span> <span class='ocrx_word' id='word_1_80' title='bbox 396 1122 469 1182; x_wconf 90' lang='lat' dir='ltr'><strong>haec</strong></span> <span class='ocrx_word' id='word_1_81' title='bbox 492 1133 611 1202; x_wconf 83' lang='lat' dir='ltr'><strong>propter</strong></span> <span class='ocrx_word' id='word_1_82' title='bbox 641 1133 667 1183; x_wconf 90' lang='lat' dir='ltr'><strong>te</strong></span> <span class='ocrx_word' id='word_1_83' title='bbox 694 1122 889 1197; x_wconf 86' lang='lat' dir='ltr'><strong>Labdacidas,</strong></span> <span class='ocrx_word' id='word_1_84' title='bbox 918 1123 937 1183; x_wconf 93' lang='lat' dir='ltr'><strong>i.</strong></span> <span class='ocrx_word' id='word_1_85' title='bbox 961 1141 987 1184; x_wconf 89' lang='lat' dir='ltr'><strong>e.</strong></span> <span class='ocrx_word' id='word_1_86' title='bbox 1017 1122 1174 1193; x_wconf 77' lang='lat' dir='ltr'><strong>Thebanos.</strong></span> 
     </span>
     <span class='ocr_line' id='line_1_12' title="bbox 113 1206 1171 1287; baseline 0.003 -21"><span class='ocrx_word' id='word_1_87' title='bbox 113 1207 170 1268; x_wconf 86' lang='lat' dir='ltr'><strong>lata</strong></span> <span class='ocrx_word' id='word_1_88' title='bbox 193 1214 314 1286; x_wconf 88' lang='lat' dir='ltr'><strong>petunt;</strong></span> <span class='ocrx_word' id='word_1_89' title='bbox 337 1207 499 1285; x_wconf 81' lang='lat' dir='ltr'>respondet</span> <span class='ocrx_word' id='word_1_90' title='bbox 521 1207 598 1268; x_wconf 89' lang='lat' dir='ltr'><strong>enim</strong></span> <span class='ocrx_word' id='word_1_91' title='bbox 621 1206 683 1267; x_wconf 92' lang='lat' dir='ltr'><strong>Laii</strong></span> <span class='ocrx_word' id='word_1_92' title='bbox 705 1207 799 1268; x_wconf 88' lang='lat' dir='ltr'><strong>dicto:</strong></span> <span class='ocrx_word' id='word_1_93' title='bbox 819 1211 921 1287; x_wconf 79' lang='lat' dir='ltr'><strong>patria</strong></span> <span class='ocrx_word' id='word_1_94' title='bbox 935 1226 1002 1279; x_wconf 10' lang='lat' dir='ltr'><strong>quoa</strong></span> <span class='ocrx_word' id='word_1_95' title='bbox 1022 1211 1072 1269; x_wconf 71' lang='grc' dir='ltr'><strong>ἱνα</strong></span> <span class='ocrx_word' id='word_1_96' title='bbox 1091 1208 1171 1283; x_wconf 63' lang='lat' dir='ltr'><strong>dms</strong></span> 
     </span>
     <span class='ocr_line' id='line_1_13' title="bbox 54 1291 1171 1372; baseline 0.003 -22"><span class='ocrx_word' id='word_1_97' title='bbox 54 1346 57 1350; x_wconf 89' lang='lat'>.</span> <span class='ocrx_word' id='word_1_98' title='bbox 113 1294 162 1353; x_wconf 86' lang='lat' dir='ltr'><strong>sed</strong></span> <span class='ocrx_word' id='word_1_99' title='bbox 182 1292 281 1353; x_wconf 78' lang='lat' dir='ltr'><strong>scelere</strong></span> <span class='ocrx_word' id='word_1_100' title='bbox 301 1296 422 1370; x_wconf 75' lang='lat' dir='ltr'><strong>ruperis.</strong></span> <span class='ocrx_word' id='word_1_101' title='bbox 454 1309 524 1369; x_wconf 81' lang='lat' dir='ltr'><strong>ergo</strong></span> <span class='ocrx_word' id='word_1_102' title='bbox 547 1292 643 1371; x_wconf 90' lang='lat' dir='ltr'><strong>aliqua</strong></span> <span class='ocrx_word' id='word_1_103' title='bbox 667 1292 811 1353; x_wconf 90' lang='lat' dir='ltr'><strong>enuntiati</strong></span> <span class='ocrx_word' id='word_1_104' title='bbox 833 1292 977 1372; x_wconf 85' lang='lat' dir='ltr'><strong>particula</strong></span> <span class='ocrx_word' id='word_1_105' title='bbox 999 1291 1171 1353; x_wconf 70' lang='lat' dir='ltr'><strong>intercidisse</strong></span> 
     </span>
     <span class='ocr_line' id='line_1_14' title="bbox 112 1374 1170 1456; baseline 0.002 -22"><span class='ocrx_word' id='word_1_106' title='bbox 112 1377 228 1439; x_wconf 89' lang='lat' dir='ltr'><strong>videtur</strong></span> <span class='ocrx_word' id='word_1_107' title='bbox 235 1395 244 1451; x_wconf 92' lang='lat'>;</span> <span class='ocrx_word' id='word_1_108' title='bbox 267 1393 343 1453; x_wconf 93' lang='lat' dir='ltr'><strong>quae</strong></span> <span class='ocrx_word' id='word_1_109' title='bbox 366 1394 423 1454; x_wconf 92' lang='lat' dir='ltr'><strong>qua</strong></span> <span class='ocrx_word' id='word_1_110' title='bbox 445 1377 559 1437; x_wconf 90' lang='lat' dir='ltr'><strong>ratione</strong></span> <span class='ocrx_word' id='word_1_111' title='bbox 581 1377 715 1456; x_wconf 86' lang='lat' dir='ltr'><strong>suppleri</strong></span> <span class='ocrx_word' id='word_1_112' title='bbox 737 1377 832 1456; x_wconf 83' lang='lat' dir='ltr'><strong>possit</strong></span> <span class='ocrx_word' id='word_1_113' title='bbox 853 1377 1046 1439; x_wconf 89' lang='lat' dir='ltr'><strong>ostendemus</strong></span> <span class='ocrx_word' id='word_1_114' title='bbox 1060 1374 1170 1439; x_wconf 84' lang='lat' dir='ltr'><strong>cunda</strong></span> 
     </span>
     <span class='ocr_line' id='line_1_15' title="bbox 113 1459 1167 1542; baseline -0.002 -19"><span class='ocrx_word' id='word_1_115' title='bbox 113 1463 215 1523; x_wconf 90' lang='lat' dir='ltr'><strong>metris</strong></span> <span class='ocrx_word' id='word_1_116' title='bbox 231 1459 384 1521; x_wconf 80' lang='lat' dir='ltr'><strong>constabit.</strong></span> <span class='ocrx_word' id='word_1_117' title='bbox 412 1461 548 1538; x_wconf 89' lang='lat' dir='ltr'><strong>sequitur</strong></span> <span class='ocrx_word' id='word_1_118' title='bbox 562 1462 708 1522; x_wconf 90' lang='lat' dir='ltr'><strong>sententia</strong></span> <span class='ocrx_word' id='word_1_119' title='bbox 723 1462 885 1523; x_wconf 89' lang='lat' dir='ltr'><strong>multorum</strong></span> <span class='ocrx_word' id='word_1_120' title='bbox 900 1480 1040 1523; x_wconf 85' lang='lat' dir='ltr'><strong>versuum</strong></span> <span class='ocrx_word' id='word_1_121' title='bbox 1056 1460 1167 1542; x_wconf 83' lang='lat' dir='ltr'><strong>spatium</strong></span> 
     </span>
     <span class='ocr_line' id='line_1_16' title="bbox 113 1544 1167 1628; baseline -0.001 -22"><span class='ocrx_word' id='word_1_122' title='bbox 113 1546 329 1626; x_wconf 86' lang='lat' dir='ltr'><strong>complectens,</strong></span> <span class='ocrx_word' id='word_1_123' title='bbox 352 1545 532 1606; x_wconf 84' lang='lat' dir='ltr'><strong>submoleste</strong></span> <span class='ocrx_word' id='word_1_124' title='bbox 554 1546 672 1623; x_wconf 90' lang='lat' dir='ltr'><strong>quidem</strong></span> <span class='ocrx_word' id='word_1_125' title='bbox 697 1553 726 1607; x_wconf 88' lang='lat' dir='ltr'><strong>et</strong></span> <span class='ocrx_word' id='word_1_126' title='bbox 747 1546 945 1628; x_wconf 90' lang='lat' dir='ltr'><strong>subobscura,</strong></span> <span class='ocrx_word' id='word_1_127' title='bbox 968 1547 1021 1608; x_wconf 91' lang='lat' dir='ltr'><strong>sed</strong></span> <span class='ocrx_word' id='word_1_128' title='bbox 1038 1557 1072 1609; x_wconf 91' lang='lat' dir='ltr'><strong>ut</strong></span> <span class='ocrx_word' id='word_1_129' title='bbox 1085 1544 1167 1624; x_wconf 73' lang='lat' dir='ltr'><strong>auspi</strong></span> 
     </span>
     <span class='ocr_line' id='line_1_17' title="bbox 113 1631 1166 1712; baseline 0 -20"><span class='ocrx_word' id='word_1_130' title='bbox 113 1631 229 1693; x_wconf 91' lang='lat' dir='ltr'><strong>cionem</strong></span> <span class='ocrx_word' id='word_1_131' title='bbox 253 1648 314 1690; x_wconf 93' lang='lat' dir='ltr'><strong>non</strong></span> <span class='ocrx_word' id='word_1_132' title='bbox 337 1631 505 1706; x_wconf 81' lang='lat' dir='ltr'><strong>moveat.¹³)</strong></span> <span class='ocrx_word' id='word_1_133' title='bbox 536 1631 633 1691; x_wconf 89' lang='lat' dir='ltr'><strong>statim</strong></span> <span class='ocrx_word' id='word_1_134' title='bbox 656 1631 733 1692; x_wconf 92' lang='lat' dir='ltr'><strong>enim</strong></span> <span class='ocrx_word' id='word_1_135' title='bbox 757 1632 787 1693; x_wconf 93' lang='lat' dir='ltr'><strong>in</strong></span> <span class='ocrx_word' id='word_1_136' title='bbox 808 1631 977 1693; x_wconf 89' lang='lat' dir='ltr'><strong>narratione</strong></span> <span class='ocrx_word' id='word_1_137' title='bbox 989 1631 1166 1712; x_wconf 86' lang='lat' dir='ltr'><strong>incipittem·</strong></span> 
     </span>
     <span class='ocr_line' id='line_1_18' title="bbox 112 1712 1164 1797; baseline -0.005 -20"><span class='ocrx_word' id='word_1_138' title='bbox 112 1735 230 1797; x_wconf 91' lang='lat' dir='ltr'><strong>pusque</strong></span> <span class='ocrx_word' id='word_1_139' title='bbox 258 1713 397 1775; x_wconf 76' lang='lat' dir='ltr'><strong>describit</strong></span> <span class='ocrx_word' id='word_1_140' title='bbox 424 1733 484 1793; x_wconf 92' lang='lat' dir='ltr'><strong>quo</strong></span> <span class='ocrx_word' id='word_1_141' title='bbox 515 1713 639 1776; x_wconf 85' lang='lat' dir='ltr'><strong>Cadmus</strong></span> <span class='ocrx_word' id='word_1_142' title='bbox 667 1716 698 1777; x_wconf 91' lang='lat' dir='ltr'><strong>in</strong></span> <span class='ocrx_word' id='word_1_143' title='bbox 729 1715 894 1777; x_wconf 82' lang='lat' dir='ltr'><strong>Thebarum</strong></span> <span class='ocrx_word' id='word_1_144' title='bbox 922 1716 1022 1777; x_wconf 90' lang='lat' dir='ltr'><strong>locum</strong></span> <span class='ocrx_word' id='word_1_145' title='bbox 1056 1712 1164 1776; x_wconf 87' lang='lat' dir='ltr'><strong>venerit:</strong></span> 
     </span>
     <span class='ocr_line' id='line_1_19' title="bbox 112 1797 1164 1880; baseline -0.003 -18"><span class='ocrx_word' id='word_1_146' title='bbox 112 1801 247 1862; x_wconf 94' lang='lat' dir='ltr'><strong>umbram</strong></span> <span class='ocrx_word' id='word_1_147' title='bbox 263 1801 433 1878; x_wconf 76' lang='lat' dir='ltr'><strong>fontemque</strong></span> <span class='ocrx_word' id='word_1_148' title='bbox 449 1817 555 1861; x_wconf 92' lang='lat' dir='ltr'><strong>nemus</strong></span> <span class='ocrx_word' id='word_1_149' title='bbox 568 1800 724 1861; x_wconf 85' lang='lat' dir='ltr'><strong>Castalium</strong></span> <span class='ocrx_word' id='word_1_150' title='bbox 738 1800 808 1862; x_wconf 88' lang='lat' dir='ltr'><strong>viris</strong></span> <span class='ocrx_word' id='word_1_151' title='bbox 822 1800 1022 1862; x_wconf 85' lang='lat' dir='ltr'><strong>Phoenicibus</strong></span> <span class='ocrx_word' id='word_1_152' title='bbox 1037 1797 1164 1880; x_wconf 83' lang='lat' dir='ltr'><strong>praebuit.</strong></span> 
     </span>
     <span class='ocr_line' id='line_1_20' title="bbox 113 1884 1163 1964; baseline -0.007 -17"><span class='ocrx_word' id='word_1_153' title='bbox 113 1906 181 1947; x_wconf 88' lang='lat' dir='ltr'><strong>cum</strong></span> <span class='ocrx_word' id='word_1_154' title='bbox 204 1886 329 1947; x_wconf 85' lang='lat' dir='ltr'><strong>Cadmus</strong></span> <span class='ocrx_word' id='word_1_155' title='bbox 352 1884 411 1944; x_wconf 86' lang='lat' dir='ltr'><strong>lovi</strong></span> <span class='ocrx_word' id='word_1_156' title='bbox 434 1902 514 1945; x_wconf 90' lang='lat' dir='ltr'><strong>sacra</strong></span> <span class='ocrx_word' id='word_1_157' title='bbox 536 1885 637 1945; x_wconf 85' lang='lat' dir='ltr'><strong>ferens</strong></span> <span class='ocrx_word' id='word_1_158' title='bbox 658 1885 690 1945; x_wconf 93' lang='lat' dir='ltr'><strong>in</strong></span> <span class='ocrx_word' id='word_1_159' title='bbox 712 1886 767 1946; x_wconf 88' lang='lat' dir='ltr'><strong>bac</strong></span> <span class='ocrx_word' id='word_1_160' title='bbox 790 1885 859 1946; x_wconf 86' lang='lat' dir='ltr'><strong>silva</strong></span> <span class='ocrx_word' id='word_1_161' title='bbox 881 1886 1085 1964; x_wconf 84' lang='lat' dir='ltr'><strong>requiesceret</strong></span> <span class='ocrx_word' id='word_1_162' title='bbox 1104 1890 1163 1957; x_wconf 89' lang='lat' dir='ltr'><strong>et‚a</strong></span> 
     </span>
     <span class='ocr_line' id='line_1_21' title="bbox 113 1969 1163 2048; baseline -0.006 -17"><span class='ocrx_word' id='word_1_163' title='bbox 113 1970 231 2031; x_wconf 90' lang='lat' dir='ltr'><strong>Phoebo</strong></span> <span class='ocrx_word' id='word_1_164' title='bbox 255 1971 354 2030; x_wconf 90' lang='lat' dir='ltr'><strong>iussus</strong></span> <span class='ocrx_word' id='word_1_165' title='bbox 367 1987 484 2030; x_wconf 89' lang='lat' dir='ltr'><strong>vaccam</strong></span> <span class='ocrx_word' id='word_1_166' title='bbox 500 1969 561 2047; x_wconf 84' lang='lat' dir='ltr'><strong>iugi</strong></span> <span class='ocrx_word' id='word_1_167' title='bbox 577 1970 739 2031; x_wconf 91' lang='lat' dir='ltr'><strong>immunem</strong></span> <span class='ocrx_word' id='word_1_168' title='bbox 753 1970 848 2048; x_wconf 84' lang='lat' dir='ltr'><strong>sequi,</strong></span> <span class='ocrx_word' id='word_1_169' title='bbox 871 1971 991 2032; x_wconf 90' lang='lat' dir='ltr'><strong>tandem</strong></span> <span class='ocrx_word' id='word_1_170' title='bbox 1007 1969 1163 2031; x_wconf 86' lang='lat' dir='ltr'><strong>consisteret</strong></span> 
     </span>
     <span class='ocr_line' id='line_1_22' title="bbox 113 2053 1162 2134; baseline -0.008 -18"><span class='ocrx_word' id='word_1_171' title='bbox 113 2056 253 2133; x_wconf 79' lang='lat' dir='ltr'><strong>gentique</strong></span> <span class='ocrx_word' id='word_1_172' title='bbox 283 2055 319 2114; x_wconf 94' lang='lat' dir='ltr'><strong>de</strong></span> <span class='ocrx_word' id='word_1_173' title='bbox 347 2053 421 2114; x_wconf 88' lang='lat' dir='ltr'><strong>bove</strong></span> <span class='ocrx_word' id='word_1_174' title='bbox 443 2072 552 2115; x_wconf 91' lang='lat' dir='ltr'><strong>nomen</strong></span> <span class='ocrx_word' id='word_1_175' title='bbox 576 2054 666 2134; x_wconf 87' lang='lat' dir='ltr'><strong>daret.</strong></span> <span class='ocrx_word' id='word_1_176' title='bbox 711 2055 783 2116; x_wconf 90' lang='lat' dir='ltr'><strong>baec</strong></span> <span class='ocrx_word' id='word_1_177' title='bbox 808 2054 992 2134; x_wconf 78' lang='lat' dir='ltr'><strong>ineleganter</strong></span> <span class='ocrx_word' id='word_1_178' title='bbox 1014 2055 1162 2116; x_wconf 88' lang='lat' dir='ltr'><strong>dictasunt</strong></span> 
     </span>
     <span class='ocr_line' id='line_1_23' title="bbox 112 2138 1160 2219; baseline 0.002 -19"><span class='ocrx_word' id='word_1_179' title='bbox 112 2141 163 2200; x_wconf 85' lang='lat' dir='ltr'><strong>sed</strong></span> <span class='ocrx_word' id='word_1_180' title='bbox 186 2158 247 2200; x_wconf 90' lang='lat' dir='ltr'><strong>non</strong></span> <span class='ocrx_word' id='word_1_181' title='bbox 269 2139 383 2199; x_wconf 89' lang='lat' dir='ltr'><strong>vitiose.</strong></span> <span class='ocrx_word' id='word_1_182' title='bbox 415 2147 517 2198; x_wconf 92' lang='lat' dir='ltr'><strong>contra</strong></span> <span class='ocrx_word' id='word_1_183' title='bbox 539 2138 610 2198; x_wconf 84' lang='lat' dir='ltr'><strong>ferri</strong></span> <span class='ocrx_word' id='word_1_184' title='bbox 632 2158 694 2199; x_wconf 90' lang='lat' dir='ltr'><strong>non</strong></span> <span class='ocrx_word' id='word_1_185' title='bbox 716 2148 812 2219; x_wconf 89' lang='lat' dir='ltr'><strong>potest</strong></span> <span class='ocrx_word' id='word_1_186' title='bbox 834 2140 913 2218; x_wconf 90' lang='lat' dir='ltr'><strong>quod</strong></span> <span class='ocrx_word' id='word_1_187' title='bbox 937 2140 1048 2218; x_wconf 71' lang='lat' dir='ltr'><strong>legitur</strong></span> <span class='ocrx_word' id='word_1_188' title='bbox 1062 2141 1116 2202; x_wconf 85' lang='grc'>725</span> <span class='ocrx_word' id='word_1_189' title='bbox 1128 2152 1160 2212; x_wconf 75' lang='lat' dir='ltr'><strong>tt·</strong></span> 
     </span>
     <span class='ocr_line' id='line_1_24' title="bbox 316 2226 578 2301; baseline 0.004 -19"><span class='ocrx_word' id='word_1_190' title='bbox 316 2232 367 2283; x_wconf 83' lang='lat' dir='ltr'><strong>aut</strong></span> <span class='ocrx_word' id='word_1_191' title='bbox 389 2227 491 2301; x_wconf 77' lang='lat' dir='ltr'><strong>anquis</strong></span> <span class='ocrx_word' id='word_1_192' title='bbox 513 2226 578 2283; x_wconf 83' lang='lat' dir='ltr'><strong>imis</strong></span> 
     </span>
     <span class='ocr_line' id='line_1_25' title="bbox 316 2305 793 2386; baseline 0.01 -22"><span class='ocrx_word' id='word_1_193' title='bbox 316 2305 438 2368; x_wconf 81' lang='lat' dir='ltr'><strong>uallibus</strong></span> <span class='ocrx_word' id='word_1_194' title='bbox 460 2309 551 2368; x_wconf 81' lang='lat' dir='ltr'><strong>editus</strong></span> <span class='ocrx_word' id='word_1_195' title='bbox 572 2325 682 2368; x_wconf 79' lang='lat' dir='ltr'><strong>sucoso</strong></span> <span class='ocrx_word' id='word_1_196' title='bbox 703 2326 793 2386; x_wconf 84' lang='lat' dir='ltr'><strong>supra</strong></span> 
     </span>
     <span class='ocr_line' id='line_1_26' title="bbox 315 2390 843 2472; baseline 0.004 -21"><span class='ocrx_word' id='word_1_197' title='bbox 315 2390 420 2451; x_wconf 80' lang='lat' dir='ltr'><strong>robora</strong></span> <span class='ocrx_word' id='word_1_198' title='bbox 442 2391 538 2453; x_wconf 79' lang='lat' dir='ltr'><strong>sibilat</strong></span> <span class='ocrx_word' id='word_1_199' title='bbox 558 2402 726 2472; x_wconf 82' lang='lat' dir='ltr'><strong>superatque</strong></span> <span class='ocrx_word' id='word_1_200' title='bbox 744 2397 843 2472; x_wconf 78' lang='lat' dir='ltr'><strong>picus,</strong></span> 
     </span>
     <span class='ocr_line' id='line_1_27' title="bbox 314 2475 824 2553; baseline 0.006 -19"><span class='ocrx_word' id='word_1_201' title='bbox 314 2493 403 2553; x_wconf 83' lang='lat' dir='ltr'><strong>supra</strong></span> <span class='ocrx_word' id='word_1_202' title='bbox 426 2475 568 2537; x_wconf 83' lang='lat' dir='ltr'><strong>Cdcouius</strong></span> <span class='ocrx_word' id='word_1_203' title='bbox 589 2476 687 2538; x_wconf 78' lang='lat' dir='ltr'><strong>celsior</strong></span> <span class='ocrx_word' id='word_1_204' title='bbox 709 2477 824 2538; x_wconf 84' lang='lat' dir='ltr'><strong>arbores</strong></span> 
     </span>
     <span class='ocr_line' id='line_1_28' title="bbox 316 2560 705 2640; baseline 0.008 -21"><span class='ocrx_word' id='word_1_205' title='bbox 316 2563 408 2620; x_wconf 78' lang='lat' dir='ltr'><strong>eremit</strong></span> <span class='ocrx_word' id='word_1_206' title='bbox 429 2560 589 2622; x_wconf 79' lang='lat' dir='ltr'><strong>caeruleum</strong></span> <span class='ocrx_word' id='word_1_207' title='bbox 611 2571 705 2640; x_wconf 83' lang='lat' dir='ltr'><strong>caput,</strong></span> 
     </span>
     <span class='ocr_line' id='line_1_29' title="bbox 315 2644 885 2725; baseline -0.002 -21"><span class='ocrx_word' id='word_1_208' title='bbox 315 2662 379 2704; x_wconf 81' lang='lat' dir='ltr'><strong>cum</strong></span> <span class='ocrx_word' id='word_1_209' title='bbox 401 2649 511 2706; x_wconf 80' lang='lat' dir='ltr'><strong>maiore</strong></span> <span class='ocrx_word' id='word_1_210' title='bbox 532 2650 580 2707; x_wconf 78' lang='lat' dir='ltr'><strong>sua·</strong></span> <span class='ocrx_word' id='word_1_211' title='bbox 596 2657 682 2725; x_wconf 87' lang='lat' dir='ltr'><strong>purte</strong></span> <span class='ocrx_word' id='word_1_212' title='bbox 703 2644 885 2706; x_wconf 82' lang='lat' dir='ltr'><strong>recumberet.</strong></span> 
     </span>
     <span class='ocr_line' id='line_1_30' title="bbox 110 2728 1161 2808; baseline 0.001 -18"><span class='ocrx_word' id='word_1_213' title='bbox 110 2747 171 2791; x_wconf 94' lang='lat' dir='ltr'><strong>non</strong></span> <span class='ocrx_word' id='word_1_214' title='bbox 195 2728 224 2789; x_wconf 94' lang='lat' dir='ltr'><strong>in</strong></span> <span class='ocrx_word' id='word_1_215' title='bbox 249 2728 426 2790; x_wconf 81' lang='lat' dir='ltr'><strong>narrationis</strong></span> <span class='ocrx_word' id='word_1_216' title='bbox 448 2747 609 2808; x_wconf 84' lang='lat' dir='ltr'><strong>progressu</strong></span> <span class='ocrx_word' id='word_1_217' title='bbox 632 2729 701 2791; x_wconf 88' lang='lat' dir='ltr'><strong>satis</strong></span> <span class='ocrx_word' id='word_1_218' title='bbox 716 2729 834 2807; x_wconf 89' lang='lat' dir='ltr'><strong>quidem</strong></span> <span class='ocrx_word' id='word_1_219' title='bbox 850 2729 926 2789; x_wconf 90' lang='lat' dir='ltr'><strong>miro</strong></span> <span class='ocrx_word' id='word_1_220' title='bbox 945 2728 1118 2791; x_wconf 83' lang='lat' dir='ltr'><strong>offendimus</strong></span> <span class='ocrx_word' id='word_1_221' title='bbox 1130 2756 1161 2771; x_wconf 88' lang='lat'><strong>·-</strong></span> 
     </span>
     <span class='ocr_line' id='line_1_31' title="bbox 110 2812 1162 2893; baseline 0.001 -19"><span class='ocrx_word' id='word_1_222' title='bbox 110 2815 149 2874; x_wconf 92' lang='lat' dir='ltr'><strong>ita</strong></span> <span class='ocrx_word' id='word_1_223' title='bbox 179 2813 258 2873; x_wconf 90' lang='lat' dir='ltr'><strong>enim</strong></span> <span class='ocrx_word' id='word_1_224' title='bbox 285 2813 358 2873; x_wconf 89' lang='lat' dir='ltr'><strong>baec</strong></span> <span class='ocrx_word' id='word_1_225' title='bbox 386 2823 484 2875; x_wconf 89' lang='lat' dir='ltr'><strong>narrat</strong></span> <span class='ocrx_word' id='word_1_226' title='bbox 510 2814 593 2893; x_wconf 90' lang='lat' dir='ltr'><strong>quasi</strong></span> <span class='ocrx_word' id='word_1_227' title='bbox 616 2814 694 2874; x_wconf 92' lang='lat' dir='ltr'><strong>inter</strong></span> <span class='ocrx_word' id='word_1_228' title='bbox 717 2812 816 2874; x_wconf 83' lang='lat' dir='ltr'><strong>Cadmi</strong></span> <span class='ocrx_word' id='word_1_229' title='bbox 838 2814 995 2876; x_wconf 86' lang='lat' dir='ltr'><strong>adventum</strong></span> <span class='ocrx_word' id='word_1_230' title='bbox 1018 2824 1162 2890; x_wconf 71' lang='lat' dir='ltr'><strong>necemque</strong></span> 
     </span>
     <span class='ocr_line' id='line_1_32' title="bbox 110 2890 1194 2979; baseline -0.004 -20"><span class='ocrx_word' id='word_1_231' title='bbox 110 2898 247 2959; x_wconf 92' lang='lat' dir='ltr'><strong>draconis</strong></span> <span class='ocrx_word' id='word_1_232' title='bbox 268 2897 394 2958; x_wconf 90' lang='lat' dir='ltr'><strong>multum</strong></span> <span class='ocrx_word' id='word_1_233' title='bbox 416 2899 560 2979; x_wconf 89' lang='lat' dir='ltr'><strong>temporis</strong></span> <span class='ocrx_word' id='word_1_234' title='bbox 578 2899 778 2959; x_wconf 89' lang='lat' dir='ltr'><strong>intercesserit</strong></span> <span class='ocrx_word' id='word_1_235' title='bbox 796 2906 825 2958; x_wconf 91' lang='lat' dir='ltr'><strong>et</strong></span> <span class='ocrx_word' id='word_1_236' title='bbox 839 2897 923 2976; x_wconf 91' lang='lat' dir='ltr'><strong>quasi</strong></span> <span class='ocrx_word' id='word_1_237' title='bbox 937 2897 1030 2976; x_wconf 81' lang='lat' dir='ltr'><strong>angui</strong></span> <span class='ocrx_word' id='word_1_238' title='bbox 1044 2898 1091 2959; x_wconf 88' lang='lat' dir='ltr'><strong>isti</strong></span> <span class='ocrx_word' id='word_1_239' title='bbox 1103 2890 1163 2957; x_wconf 84' lang='lat' dir='ltr'><strong>nibil</strong></span> <span class='ocrx_word' id='word_1_240' title='bbox 1190 2968 1194 2973; x_wconf 27' lang='grc' dir='ltr'>Ι</span> 
     </span>
     <span class='ocr_line' id='line_1_33' title="bbox 110 2980 1163 3065; baseline -0.005 -21"><span class='ocrx_word' id='word_1_241' title='bbox 110 3001 267 3045; x_wconf 90' lang='lat' dir='ltr'><strong>commune</strong></span> <span class='ocrx_word' id='word_1_242' title='bbox 288 2982 377 3043; x_wconf 83' lang='lat' dir='ltr'><strong>luerit</strong></span> <span class='ocrx_word' id='word_1_243' title='bbox 400 3001 466 3044; x_wconf 92' lang='lat' dir='ltr'><strong>cum</strong></span> <span class='ocrx_word' id='word_1_244' title='bbox 482 2983 778 3065; x_wconf 81' lang='lat' dir='ltr'><strong>pugnacibusterrae</strong></span> <span class='ocrx_word' id='word_1_245' title='bbox 794 2983 872 3058; x_wconf 89' lang='lat' dir='ltr'><strong>filiis,</strong></span> <span class='ocrx_word' id='word_1_246' title='bbox 896 2984 1029 3062; x_wconf 84' lang='lat' dir='ltr'><strong>quamvis</strong></span> <span class='ocrx_word' id='word_1_247' title='bbox 1045 2980 1163 3044; x_wconf 75' lang='lat' dir='ltr'><strong>Ovidium</strong></span> 
     </span>
     <span class='ocr_line' id='line_1_34' title="bbox 109 3064 1164 3148; baseline -0.004 -17"><span class='ocrx_word' id='word_1_248' title='bbox 109 3068 253 3148; x_wconf 84' lang='lat' dir='ltr'><strong>exprimat</strong></span> <span class='ocrx_word' id='word_1_249' title='bbox 274 3100 331 3143; x_wconf 86' lang='lat'><strong>-‚</strong></span> <span class='ocrx_word' id='word_1_250' title='bbox 360 3068 412 3128; x_wconf 91' lang='lat' dir='ltr'><strong>sed</strong></span> <span class='ocrx_word' id='word_1_251' title='bbox 441 3069 470 3128; x_wconf 94' lang='lat' dir='ltr'><strong>in</strong></span> <span class='ocrx_word' id='word_1_252' title='bbox 502 3069 603 3129; x_wconf 90' lang='lat' dir='ltr'><strong>eadem</strong></span> <span class='ocrx_word' id='word_1_253' title='bbox 630 3087 663 3128; x_wconf 92' lang='lat' dir='ltr'><strong>re</strong></span> <span class='ocrx_word' id='word_1_254' title='bbox 691 3067 867 3129; x_wconf 86' lang='lat' dir='ltr'><strong>intolerabili</strong></span> <span class='ocrx_word' id='word_1_255' title='bbox 897 3068 985 3128; x_wconf 94' lang='lat' dir='ltr'><strong>modo</strong></span> <span class='ocrx_word' id='word_1_256' title='bbox 1011 3066 1060 3129; x_wconf 90' lang='lat' dir='ltr'><strong>bis</strong></span> <span class='ocrx_word' id='word_1_257' title='bbox 1086 3064 1164 3135; x_wconf 65' lang='lat' dir='ltr'><strong>diem</strong></span> 
     </span>
     <span class='ocr_line' id='line_1_35' title="bbox 109 3149 1164 3231; baseline -0.003 -15"><span class='ocrx_word' id='word_1_258' title='bbox 109 3153 184 3216; x_wconf 91' lang='lat' dir='ltr'><strong>nibil</strong></span> <span class='ocrx_word' id='word_1_259' title='bbox 212 3152 292 3215; x_wconf 92' lang='lat' dir='ltr'><strong>enim</strong></span> <span class='ocrx_word' id='word_1_260' title='bbox 319 3171 345 3211; x_wconf 89' lang='lat' dir='ltr'><strong>v.</strong></span> <span class='ocrx_word' id='word_1_261' title='bbox 369 3153 430 3215; x_wconf 88' lang='grc'>728</span> <span class='ocrx_word' id='word_1_262' title='bbox 461 3152 538 3213; x_wconf 92' lang='lat' dir='ltr'><strong>aliud</strong></span> <span class='ocrx_word' id='word_1_263' title='bbox 569 3153 676 3213; x_wconf 91' lang='lat' dir='ltr'><strong>dicitur</strong></span> <span class='ocrx_word' id='word_1_264' title='bbox 704 3170 791 3231; x_wconf 91' lang='lat' dir='ltr'><strong>quam</strong></span> <span class='ocrx_word' id='word_1_265' title='bbox 818 3152 898 3231; x_wconf 90' lang='lat' dir='ltr'><strong>quod</strong></span> <span class='ocrx_word' id='word_1_266' title='bbox 920 3153 984 3216; x_wconf 91' lang='grc'>727</span> <span class='ocrx_word' id='word_1_267' title='bbox 1007 3149 1164 3222; x_wconf 80' lang='lat' dir='ltr'><strong>audivimus.</strong></span> 
     </span>
     <span class='ocr_line' id='line_1_36' title="bbox 109 3236 1165 3318; baseline -0.002 -17"><span class='ocrx_word' id='word_1_268' title='bbox 109 3259 147 3301; x_wconf 92' lang='lat' dir='ltr'><strong>ne</strong></span> <span class='ocrx_word' id='word_1_269' title='bbox 175 3237 318 3318; x_wconf 91' lang='lat' dir='ltr'><strong>loquendi</strong></span> <span class='ocrx_word' id='word_1_270' title='bbox 347 3237 467 3315; x_wconf 91' lang='lat' dir='ltr'><strong>quidem</strong></span> <span class='ocrx_word' id='word_1_271' title='bbox 496 3256 605 3316; x_wconf 80' lang='lat' dir='ltr'><strong>genere</strong></span> <span class='ocrx_word' id='word_1_272' title='bbox 627 3237 735 3297; x_wconf 86' lang='lat' dir='ltr'><strong>variato</strong></span> <span class='ocrx_word' id='word_1_273' title='bbox 757 3238 860 3316; x_wconf 83' lang='lat' dir='ltr'><strong>(supra</strong></span> <span class='ocrx_word' id='word_1_274' title='bbox 880 3254 992 3298; x_wconf 78' lang='lat' dir='ltr'><strong>cauom</strong></span> <span class='ocrx_word' id='word_1_275' title='bbox 1011 3236 1115 3299; x_wconf 80' lang='lat' dir='ltr'><strong>robora</strong></span> <span class='ocrx_word' id='word_1_276' title='bbox 1131 3262 1165 3279; x_wconf 91' lang='lat'><strong>-·</strong></span> 
     </span>
     <span class='ocr_line' id='line_1_37' title="bbox 108 3320 1166 3403; baseline -0.006 -18"><span class='ocrx_word' id='word_1_277' title='bbox 108 3342 197 3403; x_wconf 80' lang='lat' dir='ltr'><strong>supra</strong></span> <span class='ocrx_word' id='word_1_278' title='bbox 221 3323 362 3385; x_wconf 80' lang='lat' dir='ltr'><strong>Clmooias</strong></span> <span class='ocrx_word' id='word_1_279' title='bbox 384 3321 522 3396; x_wconf 76' lang='lat' dir='ltr'><strong>arbores).</strong></span> <span class='ocrx_word' id='word_1_280' title='bbox 566 3341 627 3383; x_wconf 93' lang='lat' dir='ltr'><strong>non</strong></span> <span class='ocrx_word' id='word_1_281' title='bbox 658 3320 759 3382; x_wconf 91' lang='lat' dir='ltr'><strong>dubito</strong></span> <span class='ocrx_word' id='word_1_282' title='bbox 783 3322 856 3400; x_wconf 91' lang='lat' dir='ltr'><strong>quin</strong></span> <span class='ocrx_word' id='word_1_283' title='bbox 878 3322 963 3382; x_wconf 88' lang='lat' dir='ltr'><strong>locus</strong></span> <span class='ocrx_word' id='word_1_284' title='bbox 983 3320 1166 3401; x_wconf 85' lang='lat' dir='ltr'><strong>interpolatus</strong></span> 
     </span>
    </p>
   </div>
   <div class='ocr_carea' id='block_1_4' title="bbox 105 3520 1174 3995">
    <p class='ocr_par' dir='ltr' id='par_1_5' title="bbox 105 3520 1174 3995">
     <span class='ocr_line' id='line_1_38' title="bbox 195 3520 1169 3588; baseline 0.003 -16"><span class='ocrx_word' id='word_1_285' title='bbox 195 3521 227 3585; x_wconf 78' lang='lat'><strong>¹³)</strong></span> <span class='ocrx_word' id='word_1_286' title='bbox 249 3523 405 3575; x_wconf 91' lang='lat' dir='ltr'><strong>commodius</strong></span> <span class='ocrx_word' id='word_1_287' title='bbox 429 3522 570 3574; x_wconf 89' lang='lat' dir='ltr'><strong>sententiae</strong></span> <span class='ocrx_word' id='word_1_288' title='bbox 592 3526 677 3588; x_wconf 90' lang='lat' dir='ltr'><strong>partes</strong></span> <span class='ocrx_word' id='word_1_289' title='bbox 700 3521 766 3573; x_wconf 88' lang='lat' dir='ltr'><strong>iuter</strong></span> <span class='ocrx_word' id='word_1_290' title='bbox 790 3536 818 3573; x_wconf 91' lang='lat' dir='ltr'><strong>se</strong></span> <span class='ocrx_word' id='word_1_291' title='bbox 839 3521 1028 3588; x_wconf 74' lang='lat' dir='ltr'><strong>coniungantur</strong></span> <span class='ocrx_word' id='word_1_292' title='bbox 1043 3522 1067 3574; x_wconf 89' lang='lat' dir='ltr'><strong>si</strong></span> <span class='ocrx_word' id='word_1_293' title='bbox 1083 3520 1169 3575; x_wconf 68' lang='lat' dir='ltr'><strong>scrib!</strong></span> 
     </span>
     <span class='ocr_line' id='line_1_39' title="bbox 108 3587 1170 3655; baseline 0.003 -16"><span class='ocrx_word' id='word_1_294' title='bbox 108 3589 157 3639; x_wconf 87' lang='grc'>712</span> <span class='ocrx_word' id='word_1_295' title='bbox 177 3587 322 3639; x_wconf 78' lang='lat' dir='ltr'><strong>Castalium</strong></span> <span class='ocrx_word' id='word_1_296' title='bbox 340 3597 494 3653; x_wconf 79' lang='lat' dir='ltr'><strong>etaemus,</strong></span> <span class='ocrx_word' id='word_1_297' title='bbox 517 3590 557 3641; x_wconf 93' lang='lat' dir='ltr'><strong>cui</strong></span> <span class='ocrx_word' id='word_1_298' title='bbox 576 3588 728 3655; x_wconf 89' lang='lat' dir='ltr'><strong>respondeat</strong></span> <span class='ocrx_word' id='word_1_299' title='bbox 746 3593 794 3640; x_wconf 84' lang='grc'><strong>715</strong></span> <span class='ocrx_word' id='word_1_300' title='bbox 814 3595 845 3639; x_wconf 83' lang='lat' dir='ltr'><strong>ut</strong></span> <span class='ocrx_word' id='word_1_301' title='bbox 859 3592 994 3655; x_wconf 75' lang='lat' dir='ltr'><strong>primum,</strong></span> <span class='ocrx_word' id='word_1_302' title='bbox 1019 3588 1170 3642; x_wconf 73' lang='lat' dir='ltr'><strong>coordiuelt</strong></span> 
     </span>
     <span class='ocr_line' id='line_1_40' title="bbox 107 3654 1171 3724; baseline 0.003 -18"><span class='ocrx_word' id='word_1_303' title='bbox 107 3657 157 3707; x_wconf 89' lang='grc'><strong>722</strong></span> <span class='ocrx_word' id='word_1_304' title='bbox 177 3656 299 3716; x_wconf 77' lang='lat' dir='ltr'><strong>deseruit,</strong></span> <span class='ocrx_word' id='word_1_305' title='bbox 318 3661 347 3708; x_wconf 89' lang='lat' dir='ltr'><strong>ut</strong></span> <span class='ocrx_word' id='word_1_306' title='bbox 365 3661 413 3710; x_wconf 84' lang='grc'>724</span> <span class='ocrx_word' id='word_1_307' title='bbox 433 3659 553 3724; x_wconf 90' lang='lat' dir='ltr'><strong>apodosis</strong></span> <span class='ocrx_word' id='word_1_308' title='bbox 571 3658 688 3724; x_wconf 87' lang='lat' dir='ltr'><strong>incipiat:</strong></span> <span class='ocrx_word' id='word_1_309' title='bbox 708 3664 823 3722; x_wconf 80' lang='lat' dir='ltr'><strong>tempora</strong></span> <span class='ocrx_word' id='word_1_310' title='bbox 835 3673 869 3707; x_wconf 71' lang='lat' dir='ltr'><strong>acc</strong></span> <span class='ocrx_word' id='word_1_311' title='bbox 884 3657 942 3710; x_wconf 78' lang='lat' dir='ltr'><strong>illo.</strong></span> <span class='ocrx_word' id='word_1_312' title='bbox 968 3657 1016 3710; x_wconf 83' lang='lat' dir='ltr'><strong>sed</strong></span> <span class='ocrx_word' id='word_1_313' title='bbox 1034 3658 1073 3711; x_wconf 81' lang='lat' dir='ltr'><strong>sic</strong></span> <span class='ocrx_word' id='word_1_314' title='bbox 1089 3654 1171 3709; x_wconf 69' lang='lat' dir='ltr'><strong>nutu</strong></span> 
     </span>
     <span class='ocr_line' id='line_1_41' title="bbox 106 3723 1172 3790; baseline 0.004 -17"><span class='ocrx_word' id='word_1_315' title='bbox 106 3723 203 3775; x_wconf 89' lang='lat' dir='ltr'><strong>diceres</strong></span> <span class='ocrx_word' id='word_1_316' title='bbox 227 3738 271 3789; x_wconf 88' lang='lat' dir='ltr'><strong>per</strong></span> <span class='ocrx_word' id='word_1_317' title='bbox 291 3724 375 3790; x_wconf 90' lang='lat' dir='ltr'><strong>priora</strong></span> <span class='ocrx_word' id='word_1_318' title='bbox 397 3725 449 3777; x_wconf 89' lang='lat' dir='ltr'><strong>duo</strong></span> <span class='ocrx_word' id='word_1_319' title='bbox 473 3727 585 3778; x_wconf 90' lang='lat' dir='ltr'><strong>membra</strong></span> <span class='ocrx_word' id='word_1_320' title='bbox 609 3725 761 3777; x_wconf 87' lang='lat' dir='ltr'><strong>senteutiam</strong></span> <span class='ocrx_word' id='word_1_321' title='bbox 780 3740 830 3775; x_wconf 88' lang='lat' dir='ltr'><strong>nou</strong></span> <span class='ocrx_word' id='word_1_322' title='bbox 849 3725 1000 3776; x_wconf 88' lang='lat' dir='ltr'><strong>continuari.</strong></span> <span class='ocrx_word' id='word_1_323' title='bbox 1035 3724 1172 3777; x_wconf 72' lang='lat' dir='ltr'><strong>studetur</strong></span> 
     </span>
     <span class='ocr_line' id='line_1_42' title="bbox 106 3790 1174 3859; baseline 0.004 -18"><span class='ocrx_word' id='word_1_324' title='bbox 106 3796 231 3842; x_wconf 90' lang='lat' dir='ltr'><strong>structura</strong></span> <span class='ocrx_word' id='word_1_325' title='bbox 256 3792 325 3842; x_wconf 90' lang='lat' dir='ltr'><strong>mdis</strong></span> <span class='ocrx_word' id='word_1_326' title='bbox 351 3797 377 3842; x_wconf 88' lang='lat' dir='ltr'><strong>et</strong></span> <span class='ocrx_word' id='word_1_327' title='bbox 401 3807 490 3859; x_wconf 90' lang='lat' dir='ltr'><strong>aspera</strong></span> <span class='ocrx_word' id='word_1_328' title='bbox 513 3810 564 3845; x_wconf 88' lang='lat' dir='ltr'><strong>nou</strong></span> <span class='ocrx_word' id='word_1_329' title='bbox 586 3809 617 3844; x_wconf 85' lang='lat' dir='ltr'><strong>ex</strong></span> <span class='ocrx_word' id='word_1_330' title='bbox 642 3796 778 3845; x_wconf 88' lang='lat' dir='ltr'><strong>metromm</strong></span> <span class='ocrx_word' id='word_1_331' title='bbox 800 3793 936 3844; x_wconf 90' lang='lat' dir='ltr'><strong>insolentia</strong></span> <span class='ocrx_word' id='word_1_332' title='bbox 960 3798 1062 3845; x_wconf 85' lang='lat' dir='ltr'><strong>tautum</strong></span> <span class='ocrx_word' id='word_1_333' title='bbox 1084 3790 1129 3845; x_wconf 80' lang='lat' dir='ltr'><strong>sed</strong></span> <span class='ocrx_word' id='word_1_334' title='bbox 1144 3806 1174 3845; x_wconf 77' lang='lat' dir='ltr'><strong>cr</strong></span> 
     </span>
     <span class='ocr_line' id='line_1_43' title="bbox 107 3857 1174 3929; baseline 0.004 -20"><span class='ocrx_word' id='word_1_335' title='bbox 107 3859 184 3909; x_wconf 91' lang='lat' dir='ltr'><strong>nimia</strong></span> <span class='ocrx_word' id='word_1_336' title='bbox 201 3874 303 3926; x_wconf 90' lang='lat' dir='ltr'><strong>qnoque</strong></span> <span class='ocrx_word' id='word_1_337' title='bbox 322 3857 404 3910; x_wconf 83' lang='lat' dir='ltr'><strong>Ovidii</strong></span> <span class='ocrx_word' id='word_1_338' title='bbox 422 3860 564 3912; x_wconf 87' lang='lat' dir='ltr'><strong>imitatione</strong></span> <span class='ocrx_word' id='word_1_339' title='bbox 575 3867 630 3912; x_wconf 90' lang='lat' dir='ltr'><strong>orta</strong></span> <span class='ocrx_word' id='word_1_340' title='bbox 642 3876 710 3926; x_wconf 84' lang='lat' dir='ltr'><strong>esse;</strong></span> <span class='ocrx_word' id='word_1_341' title='bbox 729 3860 797 3927; x_wconf 91' lang='lat' dir='ltr'><strong>quod</strong></span> <span class='ocrx_word' id='word_1_342' title='bbox 811 3860 936 3913; x_wconf 82' lang='lat' dir='ltr'><strong>concedes</strong></span> <span class='ocrx_word' id='word_1_343' title='bbox 947 3860 971 3912; x_wconf 89' lang='lat' dir='ltr'><strong>si</strong></span> <span class='ocrx_word' id='word_1_344' title='bbox 984 3861 1174 3929; x_wconf 73' lang='lat' dir='ltr'><strong>relegerismel.</strong></span> 
     </span>
     <span class='ocr_line' id='line_1_44' title="bbox 105 3926 1141 3995; baseline 0.005 -18"><span class='ocrx_word' id='word_1_345' title='bbox 105 3927 143 3992; x_wconf 89' lang='lat' dir='ltr'><strong>Ill,</strong></span> <span class='ocrx_word' id='word_1_346' title='bbox 161 3932 176 3980; x_wconf 89' lang='grc'><strong>6</strong></span> <span class='ocrx_word' id='word_1_347' title='bbox 195 3942 233 3992; x_wconf 93' lang='lat' dir='ltr'><strong>sq.</strong></span> <span class='ocrx_word' id='word_1_348' title='bbox 253 3927 295 3977; x_wconf 89' lang='lat' dir='ltr'><strong>ubi</strong></span> <span class='ocrx_word' id='word_1_349' title='bbox 313 3927 403 3978; x_wconf 90' lang='lat' dir='ltr'><strong>eodem</strong></span> <span class='ocrx_word' id='word_1_350' title='bbox 421 3926 509 3980; x_wconf 87' lang='lat' dir='ltr'><strong>ordine</strong></span> <span class='ocrx_word' id='word_1_351' title='bbox 526 3944 567 3980; x_wconf 89' lang='lat' dir='ltr'><strong>res</strong></span> <span class='ocrx_word' id='word_1_352' title='bbox 585 3929 746 3995; x_wconf 85' lang='lat' dir='ltr'><strong>profemntur</strong></span> <span class='ocrx_word' id='word_1_353' title='bbox 763 3932 789 3979; x_wconf 89' lang='lat' dir='ltr'><strong>et</strong></span> <span class='ocrx_word' id='word_1_354' title='bbox 806 3927 913 3981; x_wconf 88' lang='lat' dir='ltr'><strong>subinde</strong></span> <span class='ocrx_word' id='word_1_355' title='bbox 930 3929 1017 3982; x_wconf 86' lang='lat' dir='ltr'><strong>verbis</strong></span> <span class='ocrx_word' id='word_1_356' title='bbox 1036 3929 1141 3982; x_wconf 82' lang='lat' dir='ltr'><strong>eisdem.</strong></span> 
     </span>
    </p>
   </div>
   <div class='ocr_carea' id='block_1_5' title="bbox 0 0 1294 4366">
    <p class='ocr_par' dir='ltr' id='par_1_6' title="bbox 0 0 1294 4366">
     <span class='ocr_line' id='line_1_45' title="bbox 0 0 1294 4366; baseline 0 2"><span class='ocrx_word' id='word_1_357' title='bbox 0 0 1294 4366; x_wconf 95' lang='lat' dir='ltr'><strong> </strong></span> 
     </span>
    </p>
   </div>
  </div>
 </body>
</html>
