2580 4366
468 258 505 300 nn
528 256 715 315 rnnsonanvu
736 256 828 300 noras.
1147 241 1185 304 87

107 407 214 468 adsuti.
259 409 300 470 ita
329 407 408 468 enim
437 407 468 469 iu
498 406 669 468 uuiversum
691 425 739 468 res
761 408 894 470 instituta
918 416 1018 470 estut
1040 426 1186 488 personae

107 493 224 554 scaenis
253 491 457 553 inscribantur
485 509 544 553 nou
576 510 651 571 quae
680 491 715 554 ab
745 492 829 553 initio
852 511 884 554 re
907 511 974 555 vera
997 501 1187 573 compareant

106 576 159 637 sed
183 577 271 638 etiam
294 595 372 657 quae
393 577 530 656 personis
553 577 609 636 iam
625 577 812 657 quantumvis
830 577 995 639 conlocutis
1014 596 1187 640 accessurae

107 660 178 738 sint,
203 669 238 722 ut
257 662 342 723 binas
366 680 487 723 scaenas
510 660 620 739 singuli
642 662 754 723 indices
782 662 1026 741 complectantur.
1072 664 1115 724 sic
1137 663 1185 725 Ht

108 747 170 808 205
194 764 240 826 sq.
262 765 387 808 scaenae
408 745 582 807 inscribitur
602 746 702 828 Ampb.
726 745 800 826 Mep.
823 745 904 826 ch,
927 748 979 809 sed
1005 747 1101 826 Lycus
1124 750 1186 812 332

109 829 229 892 demum
252 838 390 911 apparet3
414 831 465 909 qui
488 832 511 891 si
536 831 651 910 priores
674 832 768 892 soceri
792 851 947 912 nurusque
965 851 1118 895 sermones
1133 851 1185 894 au-

110 913 212 990 disset,
234 917 331 978 statim
354 915 422 977 illos
444 916 511 977 duci
535 916 659 977 iuberet.
693 917 762 976 Tro.
786 918 847 980 203
872 917 1034 978 indiculum
1056 917 1186 996 praefert

111 997 216 1079 Pyrra.
242 1000 340 1080 Apum.
372 999 481 1075 uetat,
511 1000 562 1061 sed
591 999 711 1062 Calchas
740 1001 857 1062 demum
887 1021 912 1062 v.
937 1004 998 1065 352
1018 996 1184 1079 ‘vocatur'‚

110 1083 211 1147 falsam
233 1085 325 1164 igitur
347 1087 383 1148 de
405 1102 509 1147 scaeua
532 1085 689 1165 imaginem
711 1087 804 1147 lector
826 1087 964 1166 concepit
982 1086 1030 1146 cui
1048 1087 1084 1147 ab
1099 1087 1184 1149 initio

111 1167 191 1232 illum
222 1169 382 1249 conloquio
413 1171 558 1232 interesse
586 1170 750 1250 putandum
778 1177 836 1246 est;
864 1171 935 1232 item
957 1171 1130 1250 Aegisthum
1152 1172 1184 1233 in

114 1254 341 1333 Agamemnonis
363 1273 468 1316 scaena
490 1256 551 1318 953
575 1275 635 1334 sq.‚
666 1255 716 1335 qui
739 1255 895 1317 advocatur
921 1276 945 1316 v.
970 1258 1041 1320 079.
1085 1257 1184 1318 minus

115 1347 213 1417 poetae
236 1339 361 1400 consilio
384 1339 488 1400 obesse
509 1339 634 1401 videtur
648 1340 728 1419 quod
749 1340 824 1401 Med.
848 1342 909 1405 870
936 1341 1037 1402 Medea
1061 1348 1090 1402 et
1112 1341 1183 1403 (led.

117 1423 171 1488 008
187 1423 299 1487 locasta
315 1424 462 1485 indicibus
478 1425 661 1502 inseruntur,
686 1443 861 1505 quamquam
880 1426 952 1487 haec
967 1426 1050 1486 finito
1066 1425 1183 1486 demum

120 1506 215 1588 Oedipi
244 1527 398 1586 sermone,
425 1509 473 1569 illa
503 1518 571 1589 post
599 1509 696 1570 nuntii
728 1527 795 1570 oum
821 1510 912 1570 choro
936 1511 1125 1589 conloquium
1150 1529 1185 1571 ex

121 1592 230 1655 aedibus
257 1594 428 1674 prosiliunt.
471 1612 591 1654 rursum
619 1612 706 1671 aegre
736 1594 859 1656 ierimus
888 1594 966 1674 quod
989 1595 1097 1656 Phaed.
1122 1597 1183 1660 358

123 1675 240 1740 Phaedra
262 1697 331 1739 cum
354 1677 470 1739 nutrice
491 1679 611 1758 prodire
633 1678 747 1739 videtur
771 1683 816 1757 (ut
838 1681 868 1739 lit
892 1680 968 1759 apud
988 1679 1183 1760 Euripidem),

128 1760 207 1824 donec
226 1783 253 1824 v.
278 1765 341 1828 384
364 1763 498 1824 audimus

315 1849 363 1908 aad
384 1867 419 1909 ca
436 1858 584 1927 putescunt
605 1851 699 1926 ruptae
719 1848 854 1927 sostr‘pa‘m

130 1926 172 1990 ian
192 1933 266 1993 enim
289 1933 424 1994 machina
439 1930 599 1994 Phaedram
619 1932 651 1993 iu
670 1932 856 2011 gynaeconiti
873 1932 1011 2007 ostendit,
1035 1942 1183 1994 remotura

133 2013 212 2076 eadem
239 2036 266 2077 v.
291 2018 369 2080 403:
400 2036 466 2078 nam
496 2019 606 2079 chorus
627 2036 653 2077 v.
677 2020 739 2080 404
763 2036 822 2078 nou
846 2016 1008 2078 Phaedram
1030 2019 1117 2079 modo
1140 2019 1185 2079 lo-

133 2107 208 2160 cutam
229 2101 345 2162 adlatur
366 2103 417 2164 sed
441 2103 596 2163 nutricem.
642 2101 744 2163 eodem
772 2101 860 2163 modo
882 2102 983 2164 Medea
1013 2121 1184 2182 comparere

134 2180 224 2248 ridetur
244 2206 271 2246 v.
295 2188 375 2261 738,
405 2206 472 2248 cum
498 2187 562 2248 eius
586 2204 694 2270 nomeu
718 2188 775 2248 iam
799 2189 860 2250 670
882 2187 1013 2249 indiculo
1040 2188 1183 2249 insertum

136 2264 168 2326 sit
204 2271 232 2332 in
255 2270 386 2333 Phaedra
415 2280 511 2334 autem
540 2271 672 2333 omnium
701 2271 823 2333 minime
851 2272 1006 2334 ferendum
1034 2273 1183 2352 estquod

136 2351 181 2416 406
194 2372 281 2418 novae
295 2375 419 2419 scaenae
434 2357 548 2438 Hippoi.
565 2356 652 2418 Ναίν.
668 2356 851 2434 inscribitur,
867 2376 935 2418 oum
951 2357 1075 2419 nutricis
1090 2359 1183 2420 oratio

136 2433 162 2495 ab
178 2438 322 2522 llippolpti
346 2442 467 2504 auribus
489 2441 611 2502 omnino
634 2442 758 2503 arcenda
782 2443 820 2503 sit
843 2452 872 2503 et
894 2444 956 2505 423
979 2442 1026 2504 illa
1053 2443 1146 2505 dicat:

519 2545 554 2588 ac
574 2529 654 2606 scoot
675 2531 748 2588 cotis
770 2529 838 2588 dea:

316 2615 410 2690 ipsum
431 2615 532 2673 intuor
551 2611 673 2673 solemne
695 2623 876 2674 coamentem
897 2629 1020 2686 samum,

315 2695 394 2757 nullo
418 2696 494 2757 batus
515 2701 674 2758 comitante.

132 2784 198 2839 autea
224 2797 281 2840 nec
310 2797 325 2841 a
349 2788 514 2860 spectatore
536 2781 668 2861 conspici
691 2789 796 2860 potest.
841 2781 943 2842 eodem
970 2788 1065 2841 autem
1088 2778 1184 2841 Phoe·

132 2859 258 2926 nicarum
287 2882 392 2926 scaena
422 2865 551 2945 pertinet
580 2865 628 2926 cui
656 2864 745 2926 index
773 2867 939 2926 communis
967 2866 1115 2945 praefixus
1141 2875 1185 2927 est

131 2946 199 3010 dan
221 2951 413 3029 conloquium
436 2951 515 3011 inter
528 2959 652 3012 matrem
667 2957 697 3012 et
711 2950 786 3011 filios
803 2951 983 3030 complexus,
1007 2967 1185 3030 quamquam

129 3034 238 3096 utillud
261 3035 467 3097 institueretur
490 3054 595 3096 scaeua
618 3035 756 3098 mutanda
779 3044 849 3096 erat.
886 3053 987 3097 verum
1009 3042 1055 3096 est
1077 3042 1106 3094 et
1126 3034 1184 3093 hoc

127 3113 180 3179 loco
201 3126 230 3180 et
252 3119 299 3181 Hl.
317 3121 380 3182 205
404 3129 433 3180 et
446 3119 522 3180 Med.
539 3122 601 3184 070
623 3120 654 3181 in
669 3120 693 3181 Α
708 3121 841 3182 vitiosam
863 3136 1036 3181 scaenarum
1059 3117 1184 3196 discrip-

125 3199 223 3266 tionem
246 3213 409 3266 correctam
433 3223 507 3282 esse,
531 3206 581 3267 sed
605 3205 634 3266 id
651 3224 685 3267 ex
699 3205 820 3266 libidine
835 3205 945 3266 lactum
962 3212 1019 3278 est;
1044 3201 1184 3263 nimirum

123 3287 235 3369 uliquis
265 3289 339 3350 locis
363 3289 483 3351 eandem
509 3290 630 3370 reliquit
652 3297 682 3351 et
704 3290 748 3350 vel
772 3308 875 3352 novam
897 3287 997 3350 intulit
1019 3287 1088 3347 Tro.
1111 3287 1184 3363 409,

122 3371 163 3434 obi
185 3373 299 3436 Ulixem
321 3373 348 3434 u
369 3375 477 3436 omittit
498 3384 527 3436 et
549 3395 573 3436 v.
593 3377 655 3439 524
678 3376 796 3436 demum
820 3392 874 3435 suo
896 3373 962 3433 loco
985 3371 1129 3433 inscribit.

196 3458 269 3520 haec
291 3460 362 3520 satis
382 3460 456 3520 mihi
479 3460 672 3541 comprobare
693 3460 829 3522 videntur
851 3475 1046 3537 personarum
1061 3457 1183 3533 indices,

119 3550 214 3623 utpote
237 3561 330 3605 neca
353 3551 440 3624 poeta
463 3553 491 3606 et
514 3546 589 3607 male
611 3547 725 3607 scaenis
747 3544 902 3624 praefixos,
926 3560 1093 3605 cversuum
1111 3561 1182 3603 con-

117 3634 191 3690 textu
213 3628 409 3690 removendos
432 3649 505 3691 esse.
548 3632 578 3690 in
601 3631 647 3691 his
669 3629 760 3708 igitur
782 3628 940 3707 tragoediis
962 3629 1047 3689 utin
1071 3626 1184 3708 graecis

115 3729 235 3775 scaenae
258 3732 318 3774 non
342 3713 577 3776 discribebautur
599 3715 650 3776 sed
672 3732 817 3794 personae
840 3714 890 3774 ubi
906 3714 1035 3794 primum
1051 3720 1101 3774 aut
1115 3729 1183 3772 rur-

113 3816 175 3860 snm
200 3808 409 3877 comparerent
431 3798 669 3875 nominabantur,
698 3800 838 3879 deinceps
865 3798 1106 3878 significabantur
1134 3803 1184 3856 aut

111 3883 215 3963 primis
246 3883 402 3944 nominum
432 3882 536 3945 litteris
561 3892 611 3946 aut
634 3884 767 3957 lineolis,
797 3884 827 3943 id
849 3884 928 3962 quod
951 3882 1027 3943 scire
1048 3882 1105 3942 iam
1128 3896 1184 3941 nec

109 3986 271 4048 possumus
293 3987 350 4031 nec
373 3968 519 4048 cupimus.
