2580 4366
565 247 724 290 euincere.
1119 229 1182 292 717

104 390 206 460 moror
227 402 299 460 rimu
319 407 460 478 peremtum
481 398 618 480 reliquias
640 402 740 477 mapmi
759 397 899 461 Herculis.
941 403 1103 480 crinemque
1117 404 1184 480 ioe-

110 483 172 542 lum
192 502 217 546 c.
242 483 274 546 A.
295 485 347 562 9.).
392 482 491 562 itaque
518 492 587 563 post
619 485 698 546 1755
725 482 809 562 plura
839 484 1025 547 intercidisse
1048 485 1184 546 videntur

61 634 63 639 ,
116 575 185 637 [tuae
211 575 244 631 ot
271 568 404 630 ultimam
432 568 468 629 de
491 567 627 630 Herculis
654 576 748 630 morte
771 578 799 629 et
820 569 945 648 primam
968 569 1004 630 de
1027 569 1183 631 Alcmenae

120 644 236 716 dventu
257 653 421 715 orationem
444 653 657 715 continuerint.
688 654 723 714 de
745 671 771 713 n.
790 656 871 718 1756
893 672 975 716 nunc
991 655 1021 715 in
1037 672 1183 734 suspenso

125 731 249 820 rodonuo
277 738 355 800 sitne
383 737 559 800 amissorum
587 755 726 799 versuum
748 738 844 801 lacera
866 757 934 819 pars
955 758 993 801 an
1016 739 1119 800 maiori
1142 739 1183 801 la·

131 829 207 907 ⁸struae
235 823 395 904 explendae
423 822 537 902 pridem
568 823 771 903 interpolatus.
787 826 822 899 ¹³)
868 843 935 885 nam
958 842 1025 885 cum
1051 844 1076 884 v.
1103 827 1181 887 1757

134 897 183 992 tile,
202 909 410 989 quodcumque
432 908 468 969 de
490 927 514 969 v.
542 910 621 972 1755
644 908 758 982 statuis,
784 909 866 970 nullo
889 910 976 970 modo
1000 909 1184 971 conciliatur.

137 990 212 1068 rupte
226 994 256 1055 in
272 993 338 1054 loco
357 993 510 1055 emendate
524 993 703 1072 transcripto
719 1011 802 1054 more
816 994 903 1056 solito
918 996 1007 1055 tinem
1028 995 1183 1056 iaciamus:

316 1096 365 1139 mec
382 1089 520 1157 properat
540 1083 606 1151 uri3
629 1097 746 1159 cumque
769 1083 828 1140 iam
849 1080 924 1158 sorti
944 1081 1043 1141 dotum

316 1163 369 1224 leto
390 1167 459 1224 sotis
477 1167 619 1243 pensavit,
641 1164 782 1243 ipmiferos
804 1165 897 1226 trades

316 1246 382 1309 lriac
402 1249 468 1310 iude
488 1252 591 1322 tremi,
613 1251 737 1310 mimimo
758 1267 828 1329 quos
848 1251 969 1328 flammo
990 1261 1115 1329 occupat,

318 1343 444 1414 totasque
466 1337 497 1394 im
520 1337 598 1412 cyneo
620 1337 706 1395 vertit
726 1345 752 1395 et
774 1338 837 1414 puis
855 1333 1000 1415 plurimam

317 1419 443 1480 emendat
465 1422 540 1497 ipris
561 1424 661 1498 repetit
683 1421 842 1498 intrepidas
862 1421 959 1499 seror.

317 1513 384 1564 tuac
405 1521 459 1565 oro
479 1503 608 1581 {lammis
630 1503 743 1583 implet:
765 1515 809 1566 oet
830 1503 877 1566 illi
895 1523 998 1584 moues

318 1587 417 1649 lamere
440 1587 560 1661 lordum·
582 1607 698 1668 compre
719 1592 778 1649 iam
799 1589 914 1652 cultum
937 1594 1040 1650 mimam

231 1739 241 1748 N
317 1684 458 1752 oppeteret
479 1677 563 1798 opor}
585 1673 897 1799 lamdereatssllummoe
919 1685 1002 1753 copul

317 1845 384 1903 mmm
404 1853 545 1920 cerealem
566 1796 702 1924 relr'qu’m
724 1847 823 1923 meyri
843 1841 975 1904 Herculis

318 2016 477 2092 crr’mernque
498 1946 607 2074 iactam
628 1947 789 2093 mucidum
811 2012 939 2074 Alcmene
960 2015 1055 2091 comit.

573 2201 726 2211 --———

641 2355 670 2416 6.

543 2487 613 2549 Tro.
637 2489 698 2553 487
721 2506 765 2566 sq.

107 2562 320 2712 &dromacha
342 2587 464 2650 filiolum
486 2589 518 2650 in
540 2589 633 2667 patris
650 2588 765 2651 tumulo
783 2587 916 2650 abditum
931 2588 989 2649 loci
1004 2587 1186 2667 praesagium

144 2674 317 2737 ominatur:
640 2676 642 2680 ’

320 2759 408 2820 sodor
425 2776 479 2837 per
500 2769 581 2821 ortus
602 2760 730 2838 sripidm
751 2769 823 2821 totos
845 2758 936 2819 cedit:

150 2917 159 2930 ·
322 2862 405 2906 omem
427 2854 559 2905 tremesco
581 2847 687 2905 misero
708 2843 811 2923 feralis
832 2843 895 2904 loci.

107 2919 162 2982 ῦιι1
187 2948 278 2991 senex
299 2930 401 3007 inepte
424 2929 597 3007 respondet:

320 3014 386 3075 doec
408 3032 494 3074 caasa
514 3013 618 3076 multos
638 3032 699 3075 ccmo
720 3012 756 3074 ol
778 3017 897 3075 interita
919 3015 1022 3085 arcuit,

322 3100 399 3161 credi
414 3103 522 3178 perisse

106 3174 194 3246 (illae
222 3202 301 3260 non,
332 3192 364 3245 ut
391 3185 456 3246 iure
482 3191 688 3262 expectamus,
718 3183 842 3244 deloco
865 3180 1091 3242 malcominato
1114 3179 1189 3241 dicta

107 3260 199 3344 ⁸illut,
220 3268 271 3331 sod
293 3267 325 3329 in
349 3269 518 3330 universum
541 3268 577 3329 de
599 3267 764 3330 occulendo
788 3285 898 3348 puero,
925 3265 975 3344 qui
998 3264 1070 3343 quin
1094 3282 1190 3325 remo·

104 3342 231 3415 dendus
252 3352 374 3415 sit'uon
398 3352 510 3414 dubitat
532 3363 634 3428 mater,
657 3351 770 3414 dubitat
786 3370 846 3432 quo
866 3359 1021 3412 removeat.
1058 3349 1190 3411 adsonis

108 3430 206 3500 *orba
229 3438 449 3500 andromacha:

526 3525 579 3584 via
599 3525 662 3603 spei
682 3525 829 3602 quicquam
851 3531 892 3582 est
916 3536 1011 3599 saper,

321 3625 410 3687 prom
427 3608 541 3687 pondus
563 3608 647 3670 illum
668 3625 773 3686 amorra
794 3604 928 3667 mobilitas
947 3608 1052 3685 premit

115 3687 150 3741 ⁸2
173 3709 206 3753 ox
227 3691 274 3754 his
291 3691 396 3772 ⁸priora
418 3694 483 3768 (oric
504 3696 564 3772 spei
584 3713 609 3774 q.
632 3704 672 3756 est
690 3692 787 3772 super)
803 3690 833 3751 in
850 3689 953 3752 Eseni
969 3689 1191 3766 continuantur,

118 3771 323 3803 N-—.

208 3842 238 3909 ¹³)
255 3843 288 3895 ci.
308 3859 332 3895 v.
354 3844 418 3895 1823
437 3843 565 3908 reliquiar
586 3845 682 3908 magni
702 3841 832 3894 Herculis.
867 3837 949 3891 simile
973 3838 1033 3906 qnid
1058 3839 1150 3892 accidit
1166 3855 1191 3892 r.

125 3892 177 3958 738
192 3923 243 3977 sm,
266 3911 310 3963 nbi
336 3910 409 3961 trium
433 3924 553 3963 versuum
574 3911 672 3977 primns
694 3925 725 3961 cx
749 3908 842 3960 omisso
860 3906 982 3958 orationis
999 3905 1050 3959 liae
1068 3913 1192 3971 servatus,

61 4002 64 4021 =
129 3975 247 4033 secundus
265 3984 291 4032 et
309 3978 399 4031 tertius
417 3979 449 4030 ab
466 3978 648 4046 interpolatore
665 3978 690 4032 Α
707 3975 855 4029 sarciendae
872 3975 980 4027 orationi
1001 3974 1127 4028 confictus
1144 3979 1194 4027 eut.
