2580 4366
398 831 560 893 OCTthh

282 967 341 1027 lam
363 984 433 1044 vaga
456 967 536 1029 caelo
560 968 655 1030 sidem
678 969 796 1048 fulgens

192 1052 305 1113 Aurora
327 1052 418 1129 lugat,
440 1053 536 1132 surgit
557 1053 642 1115 Titan

191 1136 322 1198 radiante
344 1154 427 1198 ooma
449 1139 622 1217 mundoque
644 1137 721 1200 diem

141 1275 144 1282 Δ
192 1221 285 1283 reddit
307 1221 428 1283 clarum.

191 1324 255 1385 age,
278 1315 321 1366 tot
343 1306 430 1367 tantis
453 1318 572 1369 onerata
595 1309 688 1384 malis,

191 1400 291 1471 repete
313 1401 445 1451 assuetos
467 1392 523 1453 ianr
546 1392 599 1453 tihi
618 1403 741 1471 questus

192 1484 278 1554 atque
300 1493 462 1554 aequoreas
484 1476 568 1537 vinee
591 1476 746 1557 Alcyonas,

191 1561 275 1621 vinee
298 1568 327 1619 et
349 1559 484 1620 volueres
505 1559 701 1623 Pandionias:

192 1645 306 1724 gravior
330 1662 458 1722 namque
479 1645 526 1704 his
548 1646 667 1707 fortuna
689 1656 739 1707 tua
762 1653 814 1708 est.

190 1747 317 1809 semper,
339 1729 484 1807 genetrix,
506 1729 638 1791 deflenda
659 1730 742 1805 mihi,

190 1815 285 1894 prima
308 1831 442 1875 meorum
464 1832 550 1877 causa
573 1814 727 1891 malornm,

190 1899 288 1961 tristes
311 1907 434 1977 questus
457 1906 541 1960 natae
563 1900 677 1976 exandi,

190 1983 214 2044 si
237 1983 303 2062 quis
325 1992 458 2044 remanet
479 2002 585 2047 sensus
608 1984 638 2047 in
662 1985 785 2047 umbris.

190 2068 303 2130 utinam
325 2077 393 2129 ante
415 2085 505 2130 mann
528 2069 689 2147 grandaeva
711 2089 765 2134 sua

189 2171 253 2214 mea
276 2153 406 2232 rupisset
428 2154 551 2216 stamina
574 2152 688 2229 Clotho,

188 2247 349 2316 maquam
372 2256 507 2316 maerens
531 2239 652 2301 vulnera
673 2239 731 2301 vidi

189 2340 300 2402 oraque
321 2323 407 2384 foedo
429 2342 529 2402 sparsa
553 2325 676 2387 cruore!

189 2425 206 2468 ο
227 2407 279 2468 lux
299 2425 417 2487 semper
439 2409 556 2471 funesta
576 2410 659 2488 mihi,

189 2502 323 2572 tempore
344 2492 380 2554 ab
402 2492 453 2553 illo

189 2577 240 2640 lux
262 2595 294 2637 es
317 2576 447 2639 tenebris
469 2577 561 2640 invisa
583 2579 694 2659 magis:

190 2662 311 2724 tulimus
334 2679 435 2722 saevae
456 2661 536 2724 iussa
557 2681 710 2739 novercae,

190 2747 326 2808 hostilem
348 2746 478 2807 animum
499 2745 658 2825 vultusque
680 2757 788 2810 truces.

77 2876 79 2881 ·
189 2830 238 2892 illa
260 2829 309 2892 illa
330 2830 404 2892 meis
426 2830 519 2892 tristis
541 2831 648 2911 Erinys

189 2915 323 2977 thalamis
345 2914 462 2994 Stygios
484 2917 623 2995 praetulit
645 2917 728 2997 ignes

190 3009 279 3080 teque
302 2999 434 3076 extinxit,
457 3000 623 3063 miserande
644 3010 737 3081 pater,
797 3046 799 3051 >

190 3085 279 3147 modo
301 3085 349 3146 oui
372 3094 452 3147 totns
475 3087 572 3165 paruit
593 3086 673 3148 orbis

190 3169 267 3232 ultra
289 3170 440 3232 Oceanum
712 3187 714 3189 ’

193 3353 329 3408 Octaviam
339 3350 455 3405 Saureae
466 3353 690 3407 moribunteodd.
714 3353 857 3407 intercedit
871 3356 942 3404 inter
952 3354 1176 3421 Agammnonem

107 3421 414 3542 ggffiggzagarenutlotaeum
425 3427 614 3488 praeterquam
626 3422 700 3489 quod
710 3426 738 3474 tn
751 3424 776 3472 Σ
792 3424 934 3474 northeimo
953 3421 1011 3473 loeo
1029 3424 1090 3487 post
1101 3420 1132 3472 li.
1148 3418 1176 3471 0.

192 3594 259 3644 4-o
277 3590 330 3640 duo
348 3589 456 3640 dimetas·
473 3595 499 3641 et
514 3596 677 3642 monomotar
695 3591 771 3644 eodd.
841 3588 940 3642 «trehit
957 3592 982 3639 Σ
1050 3589 1176 3641 lalrhio·

106 3658 162 3710 nias
179 3657 230 3709 ML
248 3655 409 3720 alcioniasQ
492 3659 566 3710 hest
582 3664 626 3710 tna
645 3658 692 3709 ΨΟ
774 3662 804 3710 m
823 3657 930 3724 genitrix
948 3657 1024 3709 oodd.
1042 3664 1072 3711 ut
1091 3658 1179 3711 soleat

108 3723 512 3779 romanon-amoma
596 3723 1179 3794 ttlpoethtrhtemp.-ten.li.·m.2LtI

107 3795 141 3846 ht)
156 3793 200 3846 lox
209 3791 358 3856 atnam
376 3808 426 3845 nox
435 3791 503 3860 θΤῑ,
521 3809 571 3846 om.
582 3792 636 3846 tm.
645 3822 679 3832 -
689 3800 729 3846 est
740 3792 824 3858 thri]
834 3809 884 3844 om.
898 3795 921 3843 Φ
934 3797 1054 3845 eonem
1064 3793 1177 3845 Bottim

108 3863 138 3913 at
158 3875 220 3914 snae
237 3858 265 3912 Ν
332 3863 364 3914 at
382 3860 533 3929 pertulitM
626 3891 630 3899 ι
1059 3859 1061 3863 ’
