2580 4366
174 211 234 275 684
640 229 782 272 vrnorcurc

173 382 223 458 (51.
246 381 357 440 Lucan.
380 379 429 455 IX,
453 383 514 444 770
535 379 661 441 menalca
683 391 785 443 natent
813 384 902 453 sanie,
931 399 1016 444 surae
1037 382 1154 460 11555555
1188 386 1243 448 780

173 475 293 527 manant
320 465 435 527 hermeri
460 465 602 545 sortesque
630 463 743 537 lacerti,
772 465 843 527 colla
870 477 1007 547 caputque
1030 467 1132 545 fluunt
1180 468 1243 529 Sen.

176 560 270 612 contr.
294 568 355 610 exc.
380 548 426 624 vt,
450 551 469 614 6
491 551 616 612 ociliacus
636 550 731 628 [liuns
752 569 854 631 corpus
876 559 905 612 51
933 550 1068 613 similitor
1091 552 1129 614 de
1152 553 1243 615 Mucio

175 633 311 696 Scaevola
327 633 439 695 Seneca
454 635 539 714 epist.
558 637 608 712 tt,
626 638 644 697 5
666 636 752 697 nudis
773 636 881 698 ossibus
901 637 1038 715 pluentem
1060 655 1192 715 mantem,
1214 638 1245 699 de

175 718 355 800 Polyphemo
370 718 517 796 Vergilius
535 722 607 780 155.
624 719 673 795 ΙΙΙ,
690 722 752 784 626
774 723 835 783 aidi
848 731 912 783 atro
926 741 991 784 curn
1005 722 1135 784 membra
1155 724 1245 802 [luen

176 808 217 867 tia
238 803 302 865 talo
324 805 498 880 manderet),
527 804 577 865 sed
606 812 639 864 ut
667 805 798 866 membra
828 824 882 867 suo
906 805 1005 884 vigore
1034 824 1089 886 per
1111 825 1244 868 somnum

175 896 299 949 mortem
323 888 458 950 morbum
488 889 598 969 privata
621 908 682 951 non
706 897 819 953 tanturn
844 890 1037 970 languescere
1058 891 1160 969 (Hero.
1186 892 1245 953 051.

175 975 237 1038 075
261 986 338 1055 teque
360 975 508 1053 lanpuenti
527 993 616 1036 manu
637 992 695 1036 non
719 977 799 1038 audit
821 978 916 1053 uuas)
937 975 994 1037 lobi
1015 975 1245 1052 (5155111818

99 1058 104 1064 “
175 1059 313 1121 labuntur
333 1060 444 1139 [cipido
472 1057 525 1121 leto
547 1057 671 1136 lumina)
694 1059 818 1122 deficere
841 1061 917 1137 (Tib.
939 1061 963 1136 Ι,
981 1062 1008 1136 1,
1028 1063 1069 1125 60
1091 1072 1119 1122 te
1141 1073 1245 1124 teneam

56 1145 65 1165 ¹
175 1147 299 1205 moriens
321 1144 464 1224 deficiente
478 1145 589 1221 runnu),
612 1144 663 1206 sed
678 1145 771 1206 fluere
786 1146 871 1208 etiam
889 1154 917 1207 51
933 1152 1033 1207 551555
1049 1145 1196 1224 audimus,
1217 1157 1246 1207 ut

176 1229 248 1290 Stat.
265 1228 357 1289 Theb.
373 1228 421 1302 ΧΙ,
434 1230 496 1292 558
512 1233 711 1304 oranotantia
726 1230 778 1291 leto
801 1229 852 1291 Sil.
864 1230 928 1307 ΙΙΙΙ,
947 1231 984 1292 19
999 1228 1149 1293 inlecebris
1160 1235 1248 1293 somni

175 1317 316 1392 torpentia
326 1312 453 1374 rnenelra
467 1313 604 1392 fluebant.
634 1313 737 1375 eodem
748 1314 824 1375 redit
836 1314 916 1395 quod
927 1314 1063 1376 homines
1075 1314 1148 1377 luxu
1160 1317 1246 1377 115555

177 1398 267 1459 etalii
284 1397 421 1459 dixerunt
438 1399 588 1459 51855555
603 1398 724 1477 (Phaed.
741 1401 802 1463 205
814 1399 1020 1481 pluitpuciuau
1042 1399 1131 1481 epist.
1149 1403 1246 1475 7815

146 1497 148 1501 ·
178 1483 303 1546 delicatis
324 1494 350 1544 et
372 1481 446 1544 tacu
468 1483 626 1562 (luentibus
646 1487 790 1565 cnapispue
807 1487 903 1546 anieno
925 1503 1010 1567 55555
1032 1503 1152 1566 corpore
1173 1503 1244 1548 enar

178 1569 250 1630 lictis
279 1568 314 1630 de
342 1567 456 1647 prorid.
477 1573 506 1643 4,
528 1573 546 1632 5
569 1573 596 1630 st
616 1569 724 1631 diuitiis
753 1570 889 1648 diffluis).
933 1570 1056 1631 fortiore
1085 1570 1246 1649 significatu

177 1652 487 1716 Proconnensio
518 1649 548 1716 el
574 1650 636 1736 γὰρ
666 1651 738 1740 ῥέοι
766 1650 805 1716 τὸ
836 1659 933 1736 σῶμα
957 1652 1013 1717 καὶ
1045 1649 1245 1718 ἀπολλύοιτο

104 1805 107 1811 ,
178 1735 227 1802 'tu
251 1735 374 1816 ζῶντος
395 1741 455 1800 τοῦ
477 1733 676 1821 ἀνθρώπου.

265 1859 343 1921 1201
386 1875 442 1937 pro
463 1858 544 1935 serae
564 1860 653 1918 uictae
673 1857 755 1936 serae
777 1862 805 1934 (o
828 1855 925 1930 codd.)

178 1943 214 2003 51.
230 1961 255 2002 v.
273 1944 334 2006 770
350 1959 405 2022 pro
422 1942 496 2003 dieue
510 1943 665 2020 infandum
681 1942 763 2002 diem.
798 1943 878 2006 1803
890 1959 946 2021 pro
961 1944 1049 2002 arinis
1063 1940 1143 2022 salia
1157 1945 1246 2004 niuis.

179 2029 240 2092 756
263 2045 278 2087 5
300 2027 375 2088 lares
395 2029 496 2087 miseri
516 2026 607 2100 lares„

266 2149 344 2210 1561
391 2145 484 2206 laudis
506 2155 545 2206 est
562 2163 673 2224 pururn
694 2148 816 2207 tenuisse
836 2146 961 2223 senune,

391 2247 507 2309 campie
527 2230 675 2309 repnaban
698 2232 795 2290 uinces
816 2233 846 2289 in
865 2227 998 2308 procellis

391 2318 423 2375 in
445 2326 510 2376 tuos
530 2315 613 2376 urbes
635 2314 746 2376 licuisse
766 2315 846 2392 fatis,

176 2400 290 2461 laudern
314 2399 374 2478 regi
398 2399 429 2459 in
452 2418 487 2460 eo
510 2399 707 2478 quaerendam
730 2418 794 2461 esse
816 2397 901 2472 dicit,
925 2404 957 2456 ut
976 2404 1006 2458 et
1035 2397 1100 2477 ipse
1121 2397 1247 2458 clemen-

176 2492 234 2546 tem
258 2483 377 2564 populis
399 2483 529 2545 animum
552 2483 690 2564 praebeat
713 2481 853 2547 ciclades
874 2481 991 2543 adversa
1013 2481 1247 2544 fortuna-homi-

179 2569 266 2630 nibns
293 2568 396 2629 inlatas
428 2576 570 2648 quantum
593 2568 688 2650 possit
715 2569 820 2644 Ι55151;
853 2567 895 2628 sic
925 2565 990 2626 latis
1019 2566 1119 2627 minus
1140 2567 1248 2628 saevire

179 2653 288 2729 licebit,
304 2671 391 2733 quom
407 2652 431 2714 si
449 2672 535 2714 nemo
548 2653 718 2716 vulneribus
731 2672 806 2733 quae
821 2649 983 2713 inflixerint
998 2650 1159 2713 medeatur.
1182 2651 1247 2712 inu·

177 2739 227 2800 1115
251 2747 279 2800 51
301 2738 520 2818 interpolatoris
541 2740 565 2800 Α
588 2746 786 2800 commentum
810 2739 974 2814 (minimum
996 2740 1122 2798 cruentis
1140 2740 1171 2798 in
1188 2748 1248 2799 tuas

177 2824 260 2886 urbes
274 2823 384 2885 licuisse
404 2824 487 2903 satis)
510 2831 539 2886 51
554 2821 692 2884 Gronorii
708 2825 873 2901 (ininirnurn
885 2820 1017 2901 procellis
1028 2822 1144 2900 -satcl
1160 2819 1247 2882 Hein-

178 2908 273 2989 siique
295 2909 369 2986 (adv.
393 2927 422 2988 p.
447 2910 508 2972 287
531 2912 628 2969 uu'nus
649 2907 927 2989 inpotenti—sato).

635 3123 795 3193 ocrem

285 3266 326 3327 26
369 3264 452 3325 ruodo
475 3268 523 3324 cui
542 3273 617 3324 totus
634 3267 736 3342 paruit
759 3262 835 3324 orbis

369 3348 447 3410 ultra
471 3349 614 3411 Oceanum

369 3437 469 3513 cietque
490 3434 628 3494 Britanni
648 3443 726 3512 torpa
749 3433 856 3494 dedere.

178 3536 295 3580 versum
307 3519 346 3581 27
363 3526 431 3598 post
446 3537 575 3599 sequens
585 3524 710 3580 metrum
724 3515 823 3597 posuit
833 3512 1033 3576 Buechelerus
1045 3512 1064 3573 l.
1075 3532 1097 3574 s.
1121 3518 1150 3574 51
1165 3511 1249 3591 plane

179 3604 296 3686 quidem
313 3603 351 3663 115
368 3603 398 3664 15
415 3601 654 3684 apocolocyntosi
669 3601 795 3663 Seneca:
819 3600 974 3662 Britannos
988 3597 1068 3660 ultra
1083 3602 1148 3659 nati
1167 3597 1249 3658 litora

140 3736 143 3741 .
174 3692 267 3770 ponti.
305 3688 356 3749 sed
373 3688 487 3749 delendi
504 3688 619 3750 videtur
633 3686 804 3768 epexegesis
819 3686 849 3746 in
866 3683 1001 3746 Octaviae
1017 3683 1134 3744 5551155
1149 3681 1248 3743 eodem

179 3791 277 3835 rerum
294 3773 397 3836 ordine
413 3774 464 3853 qui
480 3780 598 3836 551511.
615 3774 655 3838 38
672 3775 753 3833 cuius
765 3773 887 3850 'irnperio
901 3771 962 3848 suit
976 3767 1118 3830 secliectus
1133 3766 1196 3830 orl
1206 3769 1248 3836 is,

178 3861 277 3937 paruit
305 3857 376 3920 liber
405 3860 455 3920 diu
484 3860 652 3921 Oceanus
679 3867 705 3918 et
733 3859 835 3936 recepit
862 3857 972 3917 inuitus
1000 3863 1087 3915 rates,
1143 3872 1176 3915 en
1203 3853 1252 3931 pai

179 3941 374 4004 Britannis
393 3948 506 4024 primus
527 3946 664 4024 imposuit
684 3946 784 4020 iupunc
805 3958 827 4001 e.
843 3960 868 4020 p.
884 3959 906 4002 s.
