2580 4366
549 218 668 261 ocravm
815 236 823 259 ι
1083 208 1141 269 341

73 369 125 431 sed
147 386 223 447 quae
237 375 403 450 suspectam
419 369 542 433 reddant
564 369 674 431 librarii
698 354 784 432 fidem
808 372 857 448 (ci.
873 391 898 434 v.
916 375 966 439 36.
983 376 1054 438 249.
1072 377 1144 441 331.

75 472 158 548 376),
187 470 348 551 scripturas
378 471 452 546 cius,
480 478 513 532 ut
534 471 684 553 genuinae
705 471 878 549 habeantur,
906 475 1005 537 fulciri
1028 485 1146 557 oportet

73 572 256 651 reliquorum
279 573 369 635 unius
391 573 547 636 alteriusve
568 573 749 637 testimonio.
793 574 851 637 hoc
872 575 962 656 igitur
983 577 1015 639 in
1041 597 1147 640 recen-

74 676 164 738 senda
185 675 284 737 fabula
305 675 497 738 fundamento
514 675 652 739 nitemur.
696 686 759 737 tum
783 695 987 758 quaecumque
1001 679 1032 741 in
1047 682 1076 741 Σ
1095 680 1147 742 de·

73 788 189 858 pravata
212 790 241 840 et
263 778 368 845 obruta
389 786 469 853 sunt,
494 781 526 839 u)
541 779 583 839 vel
604 775 626 838 L
649 778 856 859 suppeditabit.
893 781 973 859 quod
996 781 1021 843 si
1044 790 1147 844 contra

73 877 159 940 rot
180 881 211 941 in
234 882 272 941 Π
292 881 336 941 vel
359 880 484 960 singulis
505 879 589 941 libris
612 887 729 960 praeter
751 899 856 942 novem
882 882 953 943 istos
977 884 1021 960 (ς)
1044 901 1146 945 verum

74 983 198 1056 extabit,
224 982 254 1042 id
276 983 378 1062 utique
400 982 537 1044 italorum
559 982 739 1045 coniecturis
762 983 862 1045 deberi
885 983 1089 1046 iudicabimus.

160 1084 222 1146 llac
249 1085 363 1147 ratione
393 1085 417 1146 si
446 1082 573 1145 fabulam
595 1084 833 1162 recensebimus,
855 1084 1014 1147 lectionem
1036 1085 1147 1148 consti·

75 1195 193 1249 tuemus
214 1185 347 1248 traditam
371 1185 500 1265 quidem,
523 1187 575 1248 sed
597 1187 780 1267 perantiqui
801 1186 1021 1266 interpolatoris
1043 1206 1148 1251 manus

74 1289 218 1351 traditam.
261 1289 297 1350 ad
319 1289 404 1350 cuius
419 1291 610 1370 temptamina
625 1287 810 1367 coarguenda
832 1290 971 1366 quoniam
994 1289 1043 1351 hic
1057 1289 1148 1351 desti·

75 1391 187 1453 tuimur
208 1389 326 1453 Etrusci
355 1390 465 1452 codicis
494 1410 551 1472 ope
580 1401 610 1454 et
637 1390 824 1466 auctoritate,
854 1391 1024 1453 difficillima
1054 1398 1149 1452 estet

74 1494 242 1574 periculosa
263 1493 351 1553 huius
372 1492 487 1553 fabulae
508 1492 683 1555 emendatio.

162 1596 196 1658 ln
212 1595 399 1658 adnotatione
414 1612 452 1655 ne
468 1593 539 1672 quid
555 1593 715 1655 obscurum
729 1593 777 1671 sit,
798 1595 871 1656 haec
886 1593 1033 1655 monenda
1047 1593 1148 1653 viden·

77 1706 135 1759 tur.
174 1697 283 1759 codicis
299 1705 368 1758 nota
383 1694 469 1757 uncis
485 1695 608 1770 inclusa,
631 1714 657 1757 e.
674 1712 701 1774 g.
718 1693 785 1772 (M),
808 1695 953 1774 significat
975 1713 1010 1755 ex
1031 1693 1148 1754 silentio

77 1818 142 1861 meo
165 1798 363 1878 descriptura
385 1797 575 1860 iudicandum
597 1796 706 1872 fuisse;
729 1797 781 1858 ubi
803 1804 917 1859 tantum
939 1795 1023 1876 prior
1036 1794 1083 1857 vel
1103 1813 1149 1856 sc·

77 1901 174 1963 cunda
185 1919 289 1962 manus
304 1902 348 1962 sio
362 1900 526 1962 indicatur:
543 1898 577 1960 M
580 1901 591 1942 ¹
606 1899 664 1972 Ml,
676 1899 795 1961 alteram
807 1917 875 1961 cum
890 1903 1009 1977 recepta
1023 1895 1150 1958 lectione

78 2003 248 2066 consentire
263 2002 458 2082 intellegitur;
475 2000 654 2082 discrepanti
669 2001 833 2082 scripturae
848 2000 978 2062 additum
993 1999 1070 2077 vulp.
1086 2017 1113 2058 υ.
1130 1997 1149 2058 l.

77 2107 227 2185 vulgarem
242 2123 297 2185 pro
313 2106 390 2167 varia
413 2106 541 2168 lectione
557 2102 697 2166 adiectam
713 2120 778 2165 esse
793 2102 930 2164 declarat.
953 2137 995 2146 -
1016 2099 1151 2162 Bueche-

77 2209 131 2270 leri
155 2207 374 2270 emendationes
397 2207 555 2288 pleraeque
583 2205 614 2266 in
640 2205 716 2266 llus.
739 2203 834 2268 Rhen.
857 2204 913 2264 vol.
937 2221 1012 2264 xxvu
1034 2221 1063 2281 p.
1088 2202 1151 2263 474

77 2310 171 2372 editae
193 2318 273 2372 sunt.

161 2411 272 2473 Novem
295 2411 429 2474 codicum
452 2411 609 2472 lectionem
636 2409 676 2470 ita
702 2402 829 2470 enotalio
851 2416 885 2471 ut
906 2403 1029 2471 ΣΦίΠ
1047 2409 1098 2465 aut
1119 2400 1151 2463 in

75 2513 265 2575 adnotatione
286 2521 336 2575 aut
357 2513 389 2575 in
405 2520 508 2593 poetae
522 2511 619 2574 verbis
634 2517 833 2591 compareant,
856 2508 1029 2570 omittantur
1043 2511 1076 2565 ut
1099 2521 1153 2583 par

77 2623 123 2677 est
145 2615 283 2695 propriae
305 2614 450 2677 librorum
472 2633 533 2675 non
556 2612 785 2693 praecipuorum
808 2608 1003 2688 corruptelae.
