2580 4366
112 196 152 259 14
188 249 192 255 .
502 213 531 255 ι.
546 212 651 255 aunam
665 211 793 255 sunncsn

110 363 184 426 nihil
200 364 371 444 relinquent
385 362 477 438 bella3
494 372 557 424 turn
572 363 660 424 vastis
675 383 744 443 ager

110 449 256 529 squalebit
270 448 360 523 arvis,
377 449 493 511 subdita
508 449 594 510 tectis
611 450 675 511 face

109 534 186 595 altus
201 533 331 613 sepultas
345 532 452 595 obruet
467 542 569 613 gentes
587 534 672 595 cinis.

109 637 211 699 pacem
227 619 329 679 reduci
343 618 417 680 velle
431 619 534 680 victori
549 618 676 700 expedit,

109 705 185 766 victo
201 722 323 766 necesse
338 713 383 765 est
395 737 438 749 —
452 703 602 786 particeps
617 722 709 783 regno
726 703 807 779 veni;

109 790 257 851 sociemur
271 788 387 864 animis,
402 789 512 869 pignus
527 790 584 852 hoo
598 789 666 851 fidei
681 806 769 869 cape:

111 875 251 952 continge
262 875 402 936 dextram.
433 875 504 953 quid
520 875 596 937 truci
611 875 692 936 vultu
708 871 799 936 siles?

109 977 178 1020 unc.
214 959 318 1038 Egone
333 969 366 1020 ut
377 960 508 1040 parentis
523 961 668 1040 sanguiue
682 977 832 1039 aspersam
846 976 968 1023 manum

110 1046 293 1124 fratrumque
309 1045 424 1124 gemina
440 1045 528 1107 caede
543 1042 735 1123 contingam?
752 1044 837 1124 prius

109 1129 261 1208 extinguet
275 1140 368 1203 ortus,
383 1130 491 1191 reseret
506 1149 628 1192 occasus
643 1131 731 1205 diem,

109 1233 166 1294 pax
181 1223 248 1276 ante
262 1216 318 1276 fida
334 1215 451 1277 nivibus
467 1225 496 1277 et
509 1215 634 1278 flammis
649 1214 706 1276 erit

109 1310 138 1361 et
153 1300 249 1380 Scylla
264 1300 398 1361 Siculum
413 1302 517 1379 iunget
530 1301 663 1375 Ausonio
680 1299 766 1374 latus,

109 1385 253 1464 priusque
268 1384 361 1446 multo
376 1384 489 1470 uicibus
503 1385 625 1447 alternis
643 1386 731 1465 iugari

108 1469 239 1549 Euripus
255 1471 333 1531 unda
348 1470 436 1532 stabit
450 1470 581 1532 Euboica
596 1471 689 1551 piger.

108 1566 221 1634 patrem
237 1552 393 1629 abstulisti,
408 1574 509 1634 regna,
525 1573 692 1635 germanos,
710 1555 802 1617 larem

108 1641 236 1720 patrium
253 1641 379 1720 -quid
396 1641 473 1701 ultra
488 1638 554 1702 est?
569 1661 628 1702 una
644 1659 692 1701 res
707 1647 843 1721 superest
860 1639 933 1702 mihi

108 1727 198 1787 fratre
213 1744 247 1787 ac
262 1735 384 1804 parente
400 1725 505 1799 carior,
521 1744 613 1805 regno
628 1744 663 1787 ac
677 1724 752 1787 lare:

108 1811 209 1873 odium
224 1811 277 1886 tui,
294 1811 373 1891 quod
389 1830 453 1873 esse
469 1829 537 1872 cum
552 1810 663 1892 populo
679 1810 751 1872 mihi

108 1914 266 1957 commune
282 1896 381 1957 doleo:
399 1915 468 1976 pars
483 1906 573 1976 quota
588 1916 623 1958 ex
638 1896 688 1957 illo
704 1914 767 1957 mea
783 1892 849 1957 est?

107 1982 259 2043 dominare
275 1982 415 2055 tumidus,
431 1982 553 2060 spiritus
568 1983 642 2043 altos
662 1998 746 2061 gere:

108 2068 244 2146 sequitur
258 2067 403 2147 superbos
418 2066 497 2127 ultor
512 2086 527 2127 a
543 2075 627 2144 tergo
643 2067 726 2127 deus.

108 2151 246 2213 Thebana
262 2153 330 2213 nori
345 2170 452 2230 regna:
482 2152 552 2232 quid
569 2158 675 2212 matres
690 2151 796 2230 loquar

107 2255 208 2315 passas
223 2248 252 2298 et
267 2255 352 2299 ausas
368 2234 499 2298 scelera?
515 2237 586 2317 quid
603 2237 754 2314 geminum
770 2235 852 2297 nefas

107 2321 290 2400 mixtumque
306 2341 414 2383 nomen
431 2321 567 2400 coniugis
582 2323 643 2385 nati
660 2318 773 2401 patris?

108 2407 178 2485 quid
192 2407 261 2467 bina
277 2408 400 2468 fratrum
417 2404 532 2468 castra?
555 2406 626 2486 quid
642 2406 763 2467 totidem
778 2403 891 2484 rogos?

107 2493 184 2571 riget
198 2491 325 2571 superba
340 2491 471 2553 Tantalis
485 2492 567 2553 luctu
583 2510 691 2572 parens

107 2586 295 2654 maestusque
309 2576 438 2657 Phrygio
453 2578 597 2638 manatio
614 2577 714 2656 Sipylo
730 2575 814 2656 lapis,

107 2661 179 2740 quin
195 2663 259 2742 ipse
274 2671 389 2723 torvum
405 2661 563 2742 subrigens
579 2662 666 2723 crista
684 2674 773 2740 caput

106 2746 220 2827 Illyrica
236 2747 361 2809 Cadmus
376 2766 466 2826 regna
483 2765 658 2828 permensus
675 2747 745 2825 luga

105 2831 208 2910 longas
222 2833 344 2911 reliquit
359 2832 493 2913 corporis
508 2834 591 2893 tracti
607 2839 701 2893 notas.

105 2918 178 2979 haec
193 2930 222 2979 te
237 2927 359 2978 manent
372 2916 520 2997 exempla:
537 2918 688 2980 dominare
705 2914 832 2993 utlibet,

105 3003 175 3064 dum
191 3002 277 3065 solita
291 3004 375 3081 regni
391 3005 447 3064 iata
462 3010 491 3064 te
506 3002 602 3064 nostri
616 3010 732 3063 vocent.

104 3108 166 3151 irc.
197 3088 329 3167 agedum
345 3088 478 3150 efferatas
492 3087 591 3149 rabida
607 3105 693 3149 voces
709 3104 809 3148 amove

105 3183 135 3234 et
149 3174 229 3235 disce
244 3191 347 3252 regum
363 3173 486 3253 imperia
500 3173 536 3233 ab
551 3173 653 3234 Alcide
668 3171 737 3252 pati.

105 3279 159 3339 ego
175 3268 258 3339 rapta
273 3260 405 3338 quamvis
421 3265 536 3337 sceptra
552 3257 664 3319 victrici
680 3273 779 3336 geram

104 3345 204 3406 dextra
220 3361 378 3422 regamque
395 3353 502 3404 cuncta
517 3343 582 3404 sine
597 3344 696 3423 legum
711 3348 792 3402 metu

105 3448 176 3508 quas
193 3448 273 3490 arma
287 3429 425 3502 vincunt,
442 3446 535 3509 pauca
550 3447 605 3507 pro
621 3445 708 3489 causa
722 3427 827 3505 loquar

190 3615 238 3665 368
259 3613 356 3665 reduci:
375 3613 383 3663 i
401 3617 418 3664 τ’.
429 3612 509 3664 racd
527 3611 612 3663 little*
629 3610 783 3663 reducere}
834 3612 884 3661 370
902 3607 1028 3660 sociemus
1044 3566 1180 3658 auirrro⁵¹⁴

104 3682 153 3733 377
173 3680 284 3732 vicibus:
305 3682 346 3732 vic
363 3685 381 3732 i.
391 3696 444 3731 rus.
456 3681 530 3731 totid.
540 3680 591 3730 litt.
605 3679 700 3731 3m.lr
770 3679 820 3731 380
837 3676 944 3745 patriam
964 3674 1039 3727 codd.
1056 3638 1181 3726 M

103 3748 280 3799 Buechelomr
349 3751 396 3801 381
417 3749 512 3800 carior:
531 3763 559 3799 or
577 3750 596 3800 i.
614 3763 637 3798 r.
648 3746 770 3798 2-3m.
786 3744 820 3806 ll,
837 3750 900 3797 item
917 3742 948 3795 N
961 3742 1026 3805 fort.
1043 3758 1079 3795 ω
1093 3718 1181 3796 &¹5⁴

104 3818 153 3870 333
172 3830 204 3866 ex
220 3816 270 3867 rso
283 3816 315 3879 A,
333 3821 357 3868 st
374 3816 437 3869 em.
456 3820 473 3869 s.
485 3833 539 3869 aas.
554 3815 604 3867 rat.
622 3815 641 3865 u
655 3815 680 3865 n
698 3813 774 3867 eaeo
792 3816 817 3863 a
885 3815 935 3867 aes
953 3826 983 3865 sa
1003 3810 1077 3865 eruo·
1092 3788 1181 3863 ,Μ

103 3884 161 3934 uA
179 3887 288 3948 corre&
373 3886 422 3936 392
445 3885 520 3952 quin:
543 3884 570 3934 in
588 3899 622 3933 eu
639 3881 760 3935 im2m.
778 3881 804 3933 E
887 3884 935 3935 337
1006 3883 1107 3945 enatus,
1126 3858 1181 3929 5¹⁴

103 3952 156 4004 iren
173 3955 192 4002 i.
210 3968 263 4003 ras.
282 3952 300 4004 2
316 3968 360 4016 nu,
378 3952 403 4002 Ε
420 3956 459 4018 (ς)
528 3953 577 4005 398
599 3951 678 4017 patri:
697 3966 709 4001 r
727 3955 853 4016 capuact.
869 3949 895 4001 E
