2580 4366
441 223 479 265 on
499 223 630 266 liancvtss
652 223 775 266 onrano.
1105 211 1145 272 63

10 364 31 403 ff'
107 387 167 434 man
190 373 317 436 adverbii
346 365 603 435 dnnde'Seneoae
632 393 693 435 non
722 375 815 454 magis
843 383 963 451 notum,
993 395 1052 456 quo
1084 396 1144 437 non

10 450 25 489 ¹
102 459 213 538 tenporis
235 476 430 539 progressum
451 458 562 519 indicat
584 459 636 520 sed
657 461 737 539 quod
759 467 828 522 ante
849 461 958 522 dietum
975 469 1020 523 est
1035 461 1145 523 curari

10 537 16 571 l

98 545 197 621 padam
216 545 253 605 ad
275 543 450 623 particulam
465 543 701 624 interrogativam
717 545 860 606 accedens
877 547 999 626 repetit:
1023 546 1069 607 sia·
1082 549 1144 610 859

94 642 136 690 cta
151 631 243 692 0100000
263 626 404 708 ferram?
427 646 495 689 oum
517 631 712 709 praecesserit
733 649 839 710 occupa
859 633 974 710 ferram
996 637 1089 704 ocins;
1117 639 1146 692 et

90 713 158 779 1408
178 733 228 777 tar
250 715 352 776 danae
373 713 494 776 latebras
515 725 567 776 out
587 717 690 794 fnqarn
707 735 823 778 vaecors
832 715 952 797 petam?
975 735 1043 777 eum
1058 735 1145 797 prae·

86 801 194 862 raserit
214 819 284 880 qaas
302 809 402 879 potam
423 799 544 860 latebras
569 797 665 861 anus?

158 904 182 946 r.
207 886 288 948 1760
312 901 328 944 o
351 895 458 964 panta
484 883 567 946 Titan
588 887 627 946 ael
646 885 720 946 nibil
740 884 827 945 rnoles
848 885 908 946 abit

78 967 124 1030 sit
134 970 163 1043 li,
184 973 215 1031 in
227 968 304 1030 nibil
319 967 360 1030 A:
376 978 497 1030 noverat
511 969 589 1030 eninr
606 968 800 1047 interpolator
816 978 998 1031 constantem
1014 972 1144 1032 Senecae

75 1053 254 1133 aliorumque
276 1072 380 1126 usum3
404 1055 563 1134 praecipue
585 1073 619 1116 ex
641 1055 733 1116 Ovidii
756 1055 1065 1118 transformationibus
1087 1074 1143 1117 no·

72 1137 214 1200 tissimum
238 1148 283 1200 est
304 1139 433 1199 abeundi
455 1141 576 1200 verbum
599 1140 740 1200 translato
756 1158 857 1213 sensu,
880 1141 1031 1219 quoidam
1048 1142 1142 1220 signi-

70 1218 141 1284 fieat
164 1225 242 1304 quod
270 1227 395 1297 matari,
424 1243 491 1285 aum
517 1229 550 1286 in
574 1225 794 1304 praepositione
816 1226 1009 1286 coniunctum
1034 1225 1142 1303 (01.11,

70 1306 137 1372 674
155 1314 245 1371 erim
258 1313 348 1370 —in
371 1310 469 1370 demas
490 1309 585 1371 abiere
606 1309 696 1370 iubas.
726 1309 777 1381 lll,
801 1312 860 1372 397
886 1323 912 1372 et
930 1315 962 1371 in
976 1330 1045 1372 aero
1059 1330 1142 1373 anons

68 1400 195 1473 corporis
215 1399 309 1457 omnes
331 1393 400 1454 abit.
429 1393 476 1468 lV,
500 1396 561 1457 396
576 1395 623 1456 all.
656 1395 705 1469 tx,
723 1397 783 1457 152
805 1395 1038 1457 laurentianum
1054 1415 1142 1474 prae-

65 1469 142 1540 here
166 1484 298 1541 iararsns
325 1482 442 1540 animas
469 1485 567 1541 varios
594 1480 675 1541 babet
700 1480 771 1555 (abit
794 1478 843 1555 Μ)
867 1482 965 1541 testari
989 1483 1140 1560 possam);

68 1556 142 1624 itan
161 1565 274 1626 Seneca
302 1563 376 1642 Thy.
401 1565 462 1626 772
486 1570 581 1644 piceos
602 1569 684 1644 ,iqnis
712 1570 745 1625 in
769 1567 868 1644 faemos
889 1566 957 1627 abit.
1003 1566 1075 1627 Oed.
1099 1568 1139 1629 67

56 1659 139 1718 pars
157 1661 240 1731 qiaota
261 1653 294 1710 in
316 1653 423 1710 cinnes
444 1647 527 1711 abit?
560 1649 632 1710 000.
656 1651 717 1714 320
740 1650 844 1712 altana
865 1654 897 1711 in
919 1651 1048 1713 tenebras
1070 1650 1139 1711 abit.

63 1732 120 1794 Sis
136 1735 202 1796 Sen.
225 1752 273 1813 ep.
297 1734 348 1807 23,
372 1735 391 1796 6
414 1735 592 1815 (voluptates)
616 1739 648 1796 in
669 1739 848 1797 eontrarium
873 1735 1011 1797 abituros.

152 1821 278 1898 forsitan
300 1818 345 1879 vel
366 1820 470 1897 forsan
492 1838 560 1880 curn
582 1819 738 1880 indicativo
760 1820 852 1880 futuri
875 1821 972 1898 poetis
995 1839 1056 1881 non
1072 1821 1140 1880 inu-

63 1901 183 1965 sinum
206 1923 282 1979 esse,
304 1903 518 1965 mulierarius
541 1923 607 1965 cum
630 1904 786 1965 indicativo
809 1905 974 1982 praesentis
995 1904 1038 1965 vel
1054 1922 1140 1983 prae·

62 1986 147 2047 tenti
161 1988 301 2066 coniungi
317 1995 422 2048 notum
438 1997 490 2050 est.
521 1989 640 2069 Vergilii
663 1989 761 2050 locum
785 2008 846 2049 non
869 1989 962 2049 habeo
978 1989 1035 2050 nisi
1051 2008 1139 2069 quern

60 2058 234 2135 Priscianus
257 2072 351 2134 adieri
372 2073 408 2146 ll,
431 2093 461 2153 p.
485 2076 557 2150 248,
580 2076 620 2137 91
645 2080 721 2144 (aen.
741 2074 788 2148 lV,
814 2075 852 2136 19
875 2073 1016 2135 barisani
1035 2077 1141 2154 forsan

53 2163 149 2226 Potui
166 2157 343 2221 succumbere
358 2158 477 2238 cnlpae).
508 2157 630 2220 Ovidius
643 2178 699 2219 arn.
715 2159 737 2233 l,
755 2161 784 2233 6,
805 2162 844 2221 45
867 2160 993 2237 forsitan
1008 2172 1034 2221 et
1048 2171 1139 2221 tecam

58 2243 123 2303 hta
140 2263 216 2306 nana
236 2247 384 2324 requiescit
405 2248 506 2305 antina.
547 2244 610 2304 her.
633 2244 670 2319 ll,
696 2248 734 2306 14
765 2262 815 2305 nee
840 2249 931 2306 tenuit
952 2264 1053 2306 earnes
1073 2247 1136 2324 for-

56 2331 144 2389 ⁸itan
163 2329 211 2391 ille
231 2339 305 2390 taos.
338 2329 396 2391 103
421 2340 447 2389 te
468 2333 526 2390 iarn
549 2341 623 2391 tenet
644 2330 736 2390 altera
751 2334 880 2390 enniana
893 2330 1030 2407 forsitan.
1060 2331 1136 2391 trist.

55 2397 98 2482 Ῑ,
114 2415 136 2487 1,
150 2415 190 2477 69
210 2414 339 2492 forsitan
361 2424 500 2494 eapeatas.
530 2414 563 2489 V,
582 2417 630 2487 10,
647 2417 687 2477 40
709 2415 836 2492 forsitan
858 2415 992 2478 obiciant.
1024 2419 1063 2479 50
1080 2433 1138 2475 non

51 2502 159 2559 ”tnui
177 2499 231 2560 tali
250 2501 378 2578 forsitan
401 2518 458 2560 esse
479 2499 548 2561 loeo
577 2498 755 2574 tistitus
778 2500 904 2577 forsitan
919 2501 1027 2578 infolio
1040 2508 1138 2561 ventos

52 2581 370 2663 narbonenses?
400 2603 436 2644 ex
456 2583 543 2644 Pont.
566 2583 617 2659 lll,
640 2588 670 2658 4,
696 2585 734 2645 12
757 2594 808 2645 ant
830 2589 915 2645 etiarn
936 2585 1050 2647 nnbnrn
1071 2587 1137 2664 for-

51 2669 308 2748 serenabatur
330 2669 379 2745 (01.
404 2670 440 2745 3,
464 2670 525 2742 33).
563 2668 610 2742 17,
636 2672 671 2744 1,
695 2669 733 2730 27
765 2687 849 2747 roqas
870 2670 983 2747 forsan.
1024 2673 1071 2743 13,
1098 2671 1135 2733 13

43 2757 151 2818 Potest
171 2788 213 2797 -
233 2755 361 2833 forsitan
384 2753 447 2829 (lll,
470 2753 499 2829 9,
526 2756 564 2816 10
586 2753 744 2832 legendum
767 2753 882 2814 videtur
906 2756 1035 2829 dt‘aerat3
1054 2751 1136 2815 ‘me-

51 2821 160 2899 liores'
182 2837 296 2900 Heinsii
320 2840 449 2914 disserit).
495 2838 609 2898 iuvenis
639 2838 730 2917 igitur
753 2845 782 2898 et
803 2857 893 2900 senex
914 2840 986 2900 illud
1009 2841 1064 2901 sibi
1088 2840 1137 2900 in-

51 2910 161 2983 dotat
199 2922 308 3002 quibus
330 2921 404 2983 adde
426 2924 490 2984 her.
508 2924 557 2997 19,
583 2925 643 2986 136
665 2925 792 3002 forsitan
814 2923 887 2985 alter
908 2927 993 2986 adest.
1027 2929 1083 2988 141
1110 2936 1136 2986 et

52 2999 188 3069 forsitan
215 3007 312 3070 osenla
340 3013 442 3086 innqit.
488 3009 546 3082 20,
579 3010 638 3071 103
666 3010 793 3087 forsitan
819 3009 885 3070 base
912 3021 1039 3090 spectans
1068 3020 1136 3070 ate

53 3092 205 3166 ⁸1restabar
227 3092 328 3154 Aeanti
349 3092 453 3171 (pudet
468 3092 547 3153 euim
563 3092 635 3154 haec
649 3101 718 3173 post
733 3092 891 3154 Diltheium
908 3094 938 3155 in
956 3093 1135 3156 editionibus

57 3165 240 3253 desiderari).
271 3179 309 3239 01.
325 3178 486 3239 Burmann.
508 3177 543 3238 ad
566 3179 629 3239 her.
652 3182 681 3251 4,
700 3179 749 3241 53.
785 3177 932 3258 Propertii
955 3179 1030 3239 duos
1053 3180 1135 3238 looos

62 3261 147 3322 nori:
168 3262 205 3338 ll,
221 3264 250 3337 9,
267 3264 308 3324 22
330 3263 457 3341 forsitan
478 3273 506 3325 et
520 3264 554 3324 aie
566 3282 612 3324 nte
626 3263 714 3324 verba
727 3264 811 3342 fuere
824 3262 903 3324 mola
918 3273 947 3324 et
962 3262 1009 3338 17,
1026 3265 1076 3336 23,
1095 3265 1131 3324 11

63 3338 186 3409 tostae
211 3347 279 3408 baec
306 3348 366 3409 illis
386 3349 507 3426 famant
527 3350 665 3410 mandato
687 3347 796 3409 tabellis
817 3346 881 3423 (nbi
906 3349 1019 3427 fuerint
1041 3347 1134 3408 Hein-

10 3446 12 3457 ·
67 3423 147 3501 Sitis).
187 3430 324 3494 Tibullus
346 3433 369 3509 l,
395 3436 444 3506 10,
471 3433 508 3495 13
538 3443 563 3494 at
592 3437 652 3494 iam
676 3436 738 3513 qnis
759 3433 886 3510 forsitan
906 3431 993 3494 bostis
1015 3468 1056 3480 —
1078 3432 1134 3495 tela

68 3517 146 3581 urit.
186 3516 328 3579 Horatius
351 3516 482 3580 Catullus
498 3517 635 3579 Manilius
652 3516 885 3578 Persius.Silius
909 3537 1054 3597 nusquam
1077 3537 1133 3580 neo

10 3640 13 3666 i
74 3585 217 3663 Fauonius
239 3602 270 3664 in
293 3602 428 3664 versibus
446 3603 509 3676 (sed
530 3622 560 3682 p.
577 3604 628 3678 96,
653 3604 689 3665 17
706 3600 816 3662 Bueoh.
833 3601 877 3661 ed.
893 3603 972 3678 mai.)
994 3604 1134 3665 Lucanus

80 3680 257 3765 quinquiens,
281 3707 298 3749 0
320 3688 429 3768 quibus
451 3695 591 3766 quattuor
612 3688 684 3748 noni
707 3685 775 3746 libri
797 3704 898 3749 versus
920 3697 990 3750 sunt
1011 3689 1057 3766 (V,
1081 3691 1131 3751 93.

10 3769 27 3839 ⁶.
80 3754 125 3841 ll,
140 3772 185 3835 63.
204 3774 278 3835 474.
302 3765 375 3837 865.
398 3771 482 3855 877),
505 3771 616 3833 Statius
638 3773 668 3832 in
690 3769 838 3832 Thebaide
866 3782 970 3852 quater
998 3775 1037 3848 (l,
1061 3775 1132 3836 554.

10 3833 35 3889 ‘¹¹‘
88 3838 109 3904 4
139 3855 200 3921 335.
223 3858 297 3920 702.
334 3857 403 3935 1111,
431 3857 522 3932 398),
552 3857 583 3919 in
612 3855 773 3917 Achilleide
801 3875 963 3937 nusquam,
993 3861 1025 3920 in
1053 3858 1133 3919 silvis

16 3892 119 3955 ni'

91 3921 124 3991 bs
145 3939 190 4017 at,
217 3944 252 4017 0,
283 3945 362 4017 1or;
395 3941 428 4018 V,
458 3943 494 4017 s,
528 3942 616 4019 teon
650 3940 783 4002 Varenus
811 3949 856 4003 or
886 3944 926 4021 a,
957 3946 1030 4009 tto.
1059 3943 1136 4006 rin.
