2580 4366
144 200 204 264 138
525 219 554 260 n.
576 217 681 262 iuuant
702 220 830 264 sunnone

226 369 284 431 Sed
306 370 400 430 maior
421 369 496 430 alius
522 369 643 432 incubat
665 380 791 433 maestae
814 373 907 435 dolor.

141 474 203 515 non
224 473 273 515 me
295 455 380 534 quies
403 465 560 531 nocturna,
584 474 645 517 non
667 455 744 518 altus
766 475 858 537 sopor

141 541 254 601 solvere
277 540 372 600 curis:
397 539 485 601 alitur
507 548 535 601 et
557 541 664 601 crescit
685 541 794 602 malum

141 633 170 686 et
190 625 273 687 ardet
293 625 374 687 intus
397 624 491 706 qualis
514 627 642 692 Aetnaeo
666 645 756 706 vapor

141 710 270 771 exundat
290 720 384 772 antro.
428 709 553 773 Palladis
575 711 649 772 telae
672 720 775 773 vacant

142 805 170 856 et
192 795 370 874 interipsas
392 815 484 876 pensa
506 796 646 857 labuntur
668 815 790 872 manus;

142 899 203 942 non
225 880 323 942 colere
346 881 431 942 donis
452 881 561 961 templa
582 881 685 942 votivis
708 882 789 959 libet,

141 984 202 1028 uon
225 965 399 1040 intereras,
423 966 573 1027 Atthidum
596 966 715 1028 mixtam
739 967 847 1042 eboris,

141 1050 247 1111 iactare
270 1050 365 1111 tacitis
388 1051 522 1113 conscias
544 1051 635 1112 sacris
657 1052 745 1128 faces,

141 1153 198 1196 nec
219 1135 299 1197 adire
322 1136 409 1197 castis
430 1134 569 1216 precibus
592 1145 642 1198 aut
663 1137 722 1197 ritu
746 1137 797 1216 pio

141 1219 320 1283 adiudicatae
342 1219 506 1300 praesidem
529 1228 626 1282 terrae
649 1222 746 1282 deam·

141 1305 219 1367 iuvat
242 1305 379 1367 excitatas
402 1306 545 1385 consequi
569 1323 659 1367 cursu
682 1307 758 1368 seras

142 1399 171 1451 et
193 1390 285 1468 rigida
307 1390 388 1453 molli
412 1409 496 1471 gaesa
519 1391 640 1451 iaculari
662 1409 762 1453 manu.

225 1474 290 1572 Quo
312 1476 419 1551 tendis,
442 1471 561 1536 anime?
585 1475 656 1555 quid
678 1477 781 1538 furens
804 1475 897 1538 saltus
919 1473 1020 1537 arnas'?

141 1560 227 1623 fatale
248 1560 372 1622 miserae
395 1561 496 1622 matris
518 1579 646 1639 agnosco
669 1560 794 1622 malum:

140 1664 263 1727 peccare
285 1654 386 1707 noster
408 1646 489 1706 novit
510 1648 541 1706 in
565 1645 644 1706 silvis
667 1664 758 1706 amor.

141 1731 284 1810 genetrix,
306 1732 351 1792 tui
373 1749 420 1792 me
443 1731 577 1794 miseret:
599 1730 721 1793 infando
744 1731 820 1791 malo

63 1837 68 1845 ·
141 1824 277 1896 correpta
299 1816 416 1894 pecoris
439 1816 561 1877 efferum
585 1817 662 1878 saevi
685 1816 790 1877 ducem

140 1900 233 1962 audax
256 1901 370 1972 amasti;
395 1908 506 1973 torvus,
529 1901 685 1980 impatiens
707 1901 769 1979 iugi

142 1986 257 2047 adulter
278 1986 336 2061 ille,
360 1985 624 2046 ductorrindomiti
645 1986 743 2064 gregis
768 2019 805 2030 -

141 2070 192 2133 sed
215 2070 329 2132 amabat
350 2070 471 2149 aliquid.
516 2071 583 2148 quis
604 2088 684 2130 meas
706 2070 830 2131 miserae
853 2070 925 2130 deus

141 2165 193 2217 aut
215 2155 281 2234 quis
304 2155 403 2217 iuvare
426 2154 569 2216 Daedalus
591 2155 722 2216 flammas
745 2150 853 2234 queat?

120 2253 202 2301 ‘non
225 2241 250 2301 si
273 2241 336 2320 ipse
358 2249 478 2315 remeet,
502 2248 563 2300 arte
585 2239 738 2320 Mopsopia
761 2247 868 2319 potens

141 2325 192 2403 qui
216 2334 316 2386 nostra
339 2342 423 2385 caeca
446 2333 577 2385 monstra
601 2325 748 2386 conclusit
771 2325 869 2399 domo,

142 2410 251 2490 promit
239 2417 294 2470 ttat
315 2410 405 2471 ullam
428 2410 544 2471 casibus
567 2410 678 2472 nostris
700 2427 797 2488 opem.

141 2495 263 2574 stirpem
286 2513 393 2574 perosa
414 2494 522 2556 Solis
515 2495 601 2555 rnvisi
623 2494 723 2556 Venus

143 2596 197 2659 per
218 2598 274 2640 nos
296 2590 413 2640 catenas
435 2579 564 2640 vindicat
585 2578 687 2640 llartis
713 2578 760 2640 sui

142 2681 279 2742 suasque,
302 2656 420 2743 probris
443 2682 531 2726 omne
553 2663 724 2725 Phoebeum
746 2681 842 2742 genus

143 2757 247 2810 onerat
269 2749 417 2810 nefandis:
441 2748 521 2810 nulla
544 2749 653 2810 llinois
674 2748 730 2809 levi

143 2835 280 2895 defuncta
303 2853 402 2895 amore
425 2842 477 2908 est,
501 2833 635 2912 iungitur
656 2851 776 2912 semper
798 2833 890 2892 netas.

497 2983 641 3046 NVTRIX

227 3089 339 3150 Thesea
362 3089 503 3162 coniunx,
527 3087 604 3149 clara
627 3086 785 3165 progenies
807 3085 893 3159 lovis,

143 3174 268 3236 nefanda
290 3181 370 3235 casto
392 3182 512 3253 pectore
536 3171 656 3234 exturba
680 3171 772 3246 ocius,

142 3261 281 3338 extingue
302 3260 433 3320 flammas
456 3277 528 3319 neve
551 3269 579 3319 te
602 3255 682 3317 dirae
702 3255 769 3335 spei

142 3343 250 3424 praebe
273 3344 502 3422 obsequentem:
527 3341 663 3421 quisquis
685 3341 715 3402 in
739 3339 835 3420 primo
860 3338 971 3401 obstitit

142 3430 316 3528 pepulitque
339 3447 478 3504 amorem,
501 3436 583 3488 tutus
605 3445 639 3487 ac
660 3427 755 3487 victor
775 3425 847 3500 luit;

144 3533 194 3594 qur
216 3515 393 3576 blandiendo
417 3514 503 3575 dulce
526 3511 648 3574 nutrivit
669 3512 788 3584 malum,

142 3617 209 3662 sero
232 3608 349 3663 recusat
371 3600 448 3660 serre
472 3597 551 3678 quod
573 3596 664 3657 subiit
685 3596 797 3675 iugum.

1172 3602 1216 3652 135

229 3819 277 3870 10³
296 3814 417 3868 audroll
475 3817 523 3868 106
542 3813 675 3868 chorosn
729 3814 777 3866 roe
795 3810 1008 3863 adiudieetemA
1063 3812 1126 3863 116
1145 3807 1217 3861 elteri

141 3899 247 3937 enorum
265 3885 290 3935 A
360 3885 407 3936 121
426 3883 470 3935 ille
488 3882 564 3935 codd.
582 3883 692 3932 correct
762 3882 810 3933 123
828 3880 960 3947 promittet
977 3878 1021 3942 Ες
1075 3879 1123 3930 124
1142 3892 1216 3944 pero·

59 3966 65 3976 ·
143 3967 197 4005 sam
216 3952 247 4006 u.
266 3982 300 3991 -
318 3966 407 4003 nemus
424 3952 439 4002 1
450 3966 483 4003 m.
501 3964 583 4003 venus
600 3950 711 4002 2-3m.
730 3947 765 4026 lt·
