2580 4366
112 157 152 218 74
480 170 519 212 uu
538 171 667 215 unncvmc
689 168 813 213 onrano.

110 323 185 385 alius
207 322 317 385 chorus
338 319 497 382 inducitur.
544 318 605 381 noli
627 328 726 383 tamen
748 329 852 400 putare
874 321 921 383 his
949 340 1072 402 quoque
1095 322 1183 385 rebus

110 406 325 470 continuatoris
346 423 467 468 manum
488 404 627 479 indicari3
657 405 770 486 quippe
791 405 876 467 cuius
899 407 1018 485 generis
1045 408 1183 470 hominen

110 500 342 553 consentaneum
365 489 455 550 sitin
477 489 585 550 talibus
607 499 761 551 auctorum
783 508 906 552 auorum
925 497 955 552 et
970 493 1183 573 exemplarium

108 575 229 655 vestigia
246 592 392 654 premere,
414 592 476 634 non
491 574 641 636 audaciam
656 574 692 635 ab
713 575 771 637 illis
792 574 917 639 alienam
938 575 995 637 sibi
1017 577 1182 657 indulgere.

194 661 287 722 dicam
310 659 389 739 quod
412 658 517 721 santio.
561 659 705 736 integram
727 660 763 722 de
786 659 922 722 Herculis
943 671 1039 724 morta
1066 671 1182 742 tragoe-

109 744 186 808 diam
209 744 339 808 scribere
361 745 473 806 Seneca
495 743 527 805 in
549 753 649 805 menta
672 764 732 806 non
755 745 872 819 habuit;
900 745 1033 824 singulas
1061 764 1182 809 scaenas

109 829 238 908 scripsit,
260 829 381 891 alteram
401 829 439 890 de
456 827 620 907 virginibus
639 848 675 890 ex
691 829 828 892 Oechalia
842 829 976 893 abductis
988 833 1037 908 1⁶),
1060 831 1182 895 alteram

109 915 145 976 de
168 913 321 976 Deianirae
342 913 494 993 zelotypia.
537 933 624 994 quam
647 914 820 994 opinionem
842 933 877 976 ao
899 915 1030 979 stabilire
1051 915 1182 981 conabor

110 1010 142 1062 ut
168 1009 287 1078 praeter
316 999 472 1061 Herculem
505 1017 626 1061 scaenas
659 999 799 1078 quasdam
833 1017 889 1061 nac
920 1001 1072 1079 integrum
1104 1018 1182 1081 opus

109 1084 270 1146 allicientes
292 1102 348 1146 nec
370 1100 510 1163 umquam
531 1084 568 1144 ad
590 1083 802 1163 perficiendum
825 1084 982 1147 destinatas
997 1085 1029 1146 in
1045 1086 1182 1148 manibus

109 1187 165 1232 nos
192 1177 294 1231 tenere
323 1167 484 1230 ostendam.
528 1167 558 1229 id
586 1169 666 1248 quod
694 1170 845 1249 propriam
871 1169 927 1231 sibi
949 1169 1182 1250 disputationem

108 1253 243 1332 requirit.

195 1419 227 1484 ¹⁶)
244 1418 336 1471 similis
354 1432 446 1471 scaena
465 1418 550 1472 forsan
568 1420 680 1473 extiterit
697 1421 723 1471 in
742 1434 771 1471 ea
791 1419 920 1488 tragoedia
938 1434 1016 1488 quam
1029 1420 1139 1475 Ovidius
1155 1421 1181 1475 in

108 1487 191 1539 animo
209 1487 286 1539 habet
308 1486 373 1538 trist.
393 1486 429 1552 11,
447 1490 495 1540 toa
521 1489 573 1539 duc
596 1488 652 1539 lala
670 1488 822 1555 Pyrrhique
842 1505 956 1556 param,
983 1489 1035 1541 lua
1057 1488 1181 1542 Herculia

107 1571 194 1618 uram,-
218 1555 290 1606 cuius
312 1559 488 1621 argumentum
507 1555 572 1607 idem
592 1555 667 1607 luerit
684 1553 752 1623 quod
770 1555 839 1608 lonis
857 1554 1044 1624 Eurytidarum.
1080 1557 1181 1610 coniec-

107 1626 180 1674 turae
197 1623 328 1690 auspicem
340 1628 366 1673 et
374 1627 504 1674 auctorem
534 1623 641 1674 referam
653 1639 685 1676 ex
701 1623 871 1676 bibliothecae
884 1624 1026 1677 Bonnensis
1041 1625 1181 1692 exemplari

105 1689 163 1742 libri
181 1690 352 1743 Welckeriani
370 1689 402 1742 de
420 1639 558 1757 tragoediis
576 1692 683 1758 graecis.
718 1691 790 1744 cuius
808 1709 834 1759 p.
855 1695 920 1746 1432
937 1705 998 1744 orae
1015 1692 1132 1746 interiori
1148 1693 1181 1747 ad

106 1756 306 1811 haecWelclaeri
324 1759 414 1811 verba:
432 1752 573 1810 ‘Deianira
586 1760 794 1811 ,untaraalaiadan
812 1776 864 1811 uon
874 1760 938 1824 Iole,
956 1776 1012 1811 was
1029 1762 1108 1813 uicit
1119 1761 1181 1815 trtar

105 1820 150 1878 iat'
170 1826 323 1893 adscriptam
340 1826 451 1892 invenio,
469 1827 518 1879 nisi
536 1827 699 1879 vehementer
716 1827 799 1892 fallor,
817 1827 914 1895 egregii
931 1827 1006 1880 amici
1023 1828 1076 1880 mei
1093 1834 1121 1882 et
1131 1829 1181 1883 iam

105 1894 138 1946 de
156 1893 308 1947 Graecomm
326 1895 455 1962 tragoedia
478 1895 542 1947 bene
566 1895 649 1947 meriti
672 1909 748 1947 manu
771 1896 823 1947 iere
841 1894 930 1963 puerili
948 1895 1117 1949 rectissimam
1137 1895 1181 1950 ad-

106 1962 275 2014 notationem:
292 1959 526 2020 ‘wadraclaar'ralicd
545 1963 588 2013 die
605 1963 707 2014 Iolaia
725 1963 894 2030 owdtndung
911 1967 962 2015 mr't
978 1964 1027 2014 dar
1038 1965 1181 2016 cinnam

106 2045 157 2080 oon
177 2030 299 2082 Oichalia
317 2034 369 2080 wia
386 2035 415 2082 in
434 2032 484 2082 dan
501 2027 676 2098 Eurytidan’.
