2602 4380
165 923 167 927 »
248 881 386 943 Priorum
407 889 575 960 tempomm
590 879 734 961 philologi
748 896 809 942 non
826 897 920 941 unum
935 897 1000 941 esse
1019 877 1238 957 tragoediarum

163 968 293 1029 Senecae
316 965 437 1027 nomine
451 965 662 1044 inscriptarum
677 963 810 1026 omnium
825 972 975 1025 auctorem
990 981 1165 1043 persuasum
1181 962 1237 1024 sibi

163 1050 332 1112 babuerunt
354 1068 422 1110 cnm
444 1058 567 1130 propter
587 1048 751 1111 solemnem
772 1050 835 1111 lere
864 1049 894 1111 in
916 1048 1112 1128 praenomine
1133 1055 1238 1127 poetae

164 1136 313 1198 efferendo
335 1134 523 1196 librariorum
546 1151 676 1195 errorem
698 1133 857 1213 locumque
880 1133 1015 1195 Octaviae
1039 1139 1239 1213 praetextatus

163 1220 195 1281 in
217 1219 363 1281 librorum
384 1219 470 1280 turba
492 1219 570 1280 inter
593 1238 697 1282 novem
712 1218 876 1296 tragoedias
895 1235 1081 1293 conoessum,
1103 1224 1168 1279 tum
1183 1217 1238 1278 ob·

164 1322 286 1366 scarum
315 1303 463 1384 quoddam
491 1321 547 1364 nec
576 1303 724 1365 munitum
753 1304 823 1366 satis
855 1310 885 1364 et
912 1300 1173 1381 circumscriptum
1200 1301 1238 1364 de

164 1389 299 1451 moribus
320 1397 425 1468 poetae
448 1399 477 1450 et
491 1388 612 1467 ingenio
628 1388 768 1450 indicium
784 1388 1021 1467 praetendentes.
1050 1405 1111 1466 quo
1127 1387 1239 1449 lactum

164 1480 260 1534 estut
280 1473 371 1534 multa
394 1482 423 1534 et
445 1473 596 1533 arbitraria
618 1473 672 1534 iiri
694 1473 783 1547 docti,
805 1473 837 1533 in
853 1471 957 1552 primis
972 1473 1006 1533 D.
1023 1471 1178 1548 Heinsius,
1200 1472 1238 1533 de

164 1558 287 1619 diversis
308 1557 525 1636 tragoediarum
546 1557 717 1619 auctoribus
739 1557 1043 1619 comminiscerentur.
1087 1556 1146 1617 iam
1168 1574 1238 1617 vero

164 1642 242 1703 inter
263 1641 511 1721 pmdentissimos
534 1660 669 1721 quosque
692 1643 802 1704 dudum
823 1649 938 1703 constat
952 1640 1094 1703 vindicari
1109 1641 1163 1703 bas
1178 1648 1238 1702 tra·

165 1727 283 1805 goedias
305 1726 435 1787 Senecae
465 1725 602 1788 codicum
631 1727 741 1803 titulis,
771 1734 902 1788 veterum
930 1725 1107 1788 testimoniis
1133 1724 1238 1805 paucis

164 1811 285 1890 quidem
313 1810 366 1871 sed
393 1810 580 1885 indubitatis,
609 1811 680 1874 artis
708 1811 929 1890 aequabilitate,
959 1817 1082 1889 cognata
1110 1827 1238 1890 operum

163 1895 293 1974 pedestri
314 1913 453 1956 sermone
475 1895 654 1974 scriptorum
675 1896 790 1971 indole;
813 1895 974 1958 abiudicari
992 1896 1124 1973 singulas
1139 1894 1238 1975 philo·

163 1980 258 2059 sopho
282 1997 343 2040 non
365 1998 455 2060 posse
478 1980 535 2041 nisi
556 1980 644 2059 plena
665 1981 920 2060 argumentatione
945 1979 1087 2059 omnique
1114 1980 1237 2043 nomine

163 2064 307 2126 absoluta.

248 2166 338 2209 unam
366 2165 434 2208 vero
462 2147 590 2210 fabulam
618 2156 735 2228 praeter
763 2157 891 2226 ceteras,
927 2149 1154 2212 Herculem
1186 2148 1237 2212 cui

165 2233 300 2294 Oetaei
323 2250 432 2292 nomen
455 2232 649 2313 interpolator
671 2233 785 2307 indidit,
808 2233 968 2313 quominus
983 2234 1114 2296 Senecae
1136 2234 1236 2313 impu·

163 2326 260 2379 tarent
281 2316 346 2377 iure
369 2325 400 2377 et
419 2325 533 2377 veteres
555 2325 586 2378 et
605 2325 741 2380 recentes
762 2318 954 2380 haesitarunt.
998 2318 1077 2398 quod
1100 2318 1125 2380 si
1145 2318 1236 2380 Rich·

163 2412 246 2464 terus
261 2401 312 2480 qui
329 2418 427 2478 nuper
441 2419 503 2462 eam
520 2402 650 2464 Senecae
664 2403 805 2481 abrogare
820 2403 933 2464 studuit
948 2403 996 2480 (de
1013 2403 1125 2464 Seneca
1139 2412 1235 2482 tragg.

163 2494 284 2549 auctore
305 2485 427 2547 Bonnae
452 2487 545 2562 1862)
569 2506 630 2549 non
653 2506 688 2549 eo
710 2487 846 2568 pervenit
866 2496 900 2548 ut
920 2487 990 2549 viris
1004 2486 1099 2549 doctis
1113 2491 1236 2550 senten-

163 2572 233 2633 tiam
256 2589 338 2631 suam
355 2569 503 2649 probaret,
525 2572 676 2634 fatendum
693 2583 739 2636 est
753 2572 845 2649 illum,
869 2590 1045 2652 quamquam
1060 2580 1236 2651 argumenta

163 2656 233 2716 satis
255 2656 373 2715 curiose
396 2656 556 2732 congessit,
580 2675 642 2717 non
656 2674 781 2736 prorsus
794 2658 830 2718 ad
845 2656 1084 2737 persuadendum
1099 2657 1235 2736 apposite

163 2741 344 2818 disputasse
383 2757 442 2819 quo
471 2741 564 2819 magis
591 2743 751 2821 optandum
774 2743 889 2803 videtur
910 2751 945 2803 ut
966 2760 1001 2803 cx
1022 2741 1138 2820 integro
1161 2742 1235 2803 hacc

164 2825 296 2903 quaestio
318 2824 506 2900 instituatur,
530 2844 569 2887 ne
590 2826 626 2886 ad
648 2828 773 2889 certiora
795 2826 944 2906 perveniri
966 2844 1029 2887 non
1050 2844 1139 2905 posse
1161 2842 1234 2905 per-

163 2927 264 2988 peram
286 2908 430 2969 credatur.
843 2948 845 2955 -

248 2992 335 3054 habet
356 3003 453 3054 autem
476 2993 548 3054 baec
568 2992 665 3056 fabula
689 2994 797 3074 quibus
814 2996 859 3056 vel
878 2995 973 3057 obiter
987 2993 1118 3056 intuenti
1132 3013 1149 3056 a
1163 2993 1235 3056 reli·

163 3079 231 3157 quis
253 3078 371 3139 differre
392 3077 538 3140 videatur:
567 3078 686 3140 titulum
712 3079 876 3158 antiquitus
889 3081 1026 3159 praelert
1048 3097 1117 3141 cum
1139 3080 1235 3160 prima

163 3163 259 3225 fabula
276 3180 479 3237 communem;
495 3162 593 3240 agitur
607 3164 735 3243 primum
750 3163 786 3224 ad
803 3164 968 3226 Oechaliam
985 3163 1054 3224 dein
1070 3162 1232 3236 Trachinc;

162 3248 246 3308 chori
268 3249 430 3309 audiuntur
451 3247 525 3320 duo;
548 3248 677 3328 spatium
698 3248 827 3328 complet
849 3249 971 3327 reliquis
986 3249 1047 3308 lere
1064 3247 1156 3328 duplo
1172 3267 1233 3310 am·

163 3331 302 3410 pliorem;
334 3341 451 3392 etcum
474 3331 551 3392 bona
572 3331 652 3392 inter
673 3333 726 3393 bas
748 3333 911 3411 tragoedias
934 3332 1015 3394 nulla
1039 3332 1095 3406 sit,
1124 3332 1232 3412 proba·

162 3414 251 3475 bilem
279 3417 425 3493 quandam
455 3415 686 3479 mediocritatem
714 3417 845 3478 tribuere
875 3437 936 3479 non
960 3416 1050 3478 nullis
1072 3418 1232 3496 possimus,

162 3498 320 3560 Herculem
337 3499 477 3561 Oetaeum
499 3501 625 3563 nimium
648 3511 790 3582 quantum
813 3501 958 3580 puerilem
975 3519 1041 3562 esse
1055 3512 1085 3563 et
1100 3511 1233 3564 contem·

163 3584 290 3644 nendam
313 3601 415 3644 omnes
438 3603 622 3647 concessere.
653 3586 738 3648 cuius
761 3585 862 3647 iudicii
884 3586 1022 3648 severitas
1045 3605 1117 3647 num
1139 3587 1234 3666 possit

162 3665 365 3737 circumscribi
395 3669 610 3746 quodammodo
638 3682 667 3732 et
694 3669 846 3732 extenuari
874 3670 904 3730 id
933 3679 1036 3750 postea
1060 3670 1234 3733 videbimus.

163 3759 230 3812 ante
259 3750 357 3812 omnia
385 3753 607 3815 concedendum
633 3762 678 3816 est
700 3755 763 3816 eius
785 3754 902 3832 generis
923 3755 1105 3833 argumentis
1127 3774 1234 3819 manus

163 3853 224 3896 non
246 3844 357 3898 temere
380 3835 488 3898 dandas
511 3857 575 3900 esse
595 3838 622 3900 si
643 3839 822 3902 intellexeris
843 3837 875 3900 in
894 3841 983 3902 rebus
998 3839 1130 3902 metricis
1144 3843 1235 3922 plane
