2580 4366
152 198 193 261 92
536 217 564 259 ι.
586 216 691 258 Annum
713 215 840 259 sennenn

153 385 263 448 genero
285 401 327 412 -·
351 366 421 446 qnid
444 374 544 447 optem
566 366 672 446 quidve
694 367 850 428 decernam
873 367 945 428 baut
967 365 1041 428 scio.

151 470 277 532 regnum
300 451 446 532 reposcit:
470 470 557 513 consa
579 452 743 532 repetentis
765 451 843 513 hona
866 459 919 526 est,

151 537 226 599 mala
249 537 291 598 sic
313 536 453 617 petentis.
495 547 560 598 vota
585 554 660 615 quae
682 537 785 598 faciam
807 534 939 617 parens?

152 623 302 701 utrimque
325 631 426 683 notum
449 621 548 682 video:
577 622 619 682 nii
641 640 764 702 possum
787 623 836 702 pie

152 707 260 787 pietate
283 706 360 767 solva
382 706 492 770 facere:
518 707 728 786 quodcumque
750 707 834 769 alteri

153 791 260 872 optabo
284 800 352 852 nato
375 793 425 852 fiet
446 792 566 853 citerius
589 791 674 852 mulo.

154 876 203 938 sed
226 884 387 955 utrumque
410 876 542 956 quamvis
565 875 682 955 diligam
705 877 811 937 effectu
837 876 911 956 peri,

154 980 213 1041 quo
236 980 323 1022 causa
345 961 451 1022 melior
471 979 595 1040 sorsque
619 961 747 1022 deterior
768 962 859 1023 trehit

153 1047 276 1107 inclinat
298 1047 414 1108 animus
436 1064 555 1127 semper
576 1046 694 1106 infirmo
716 1047 832 1107 fovens:

152 1131 277 1193 miseros
298 1131 392 1210 magis
414 1133 533 1192 fortuna
556 1131 693 1193 conciliat
714 1131 786 1192 suis.

421 1282 617 1344 SATELLES

238 1383 360 1462 Regina,
384 1384 453 1445 dnm
476 1392 509 1445 tn
530 1385 642 1447 flebiles
666 1392 789 1464 questus
812 1383 872 1445 cies

153 1469 285 1548 terisque
307 1478 434 1549 tempus,
458 1488 541 1530 sueva
564 1470 681 1532 nudatis
706 1469 788 1530 adest

153 1553 230 1615 acies
253 1555 284 1615 in
307 1555 411 1629 armis3
435 1573 501 1615 aero
524 1555 580 1615 iam
607 1555 718 1616 bellum
740 1553 820 1615 cient

94 1702 95 1707 ,
153 1638 310 1719 aquilaque
332 1657 461 1720 pugnam
485 1640 608 1717 signiter
630 1647 709 1700 mota
732 1647 825 1699 vocat.

154 1732 276 1805 septena
298 1741 384 1802 reges
406 1724 481 1785 bella
503 1725 639 1805 dispositi
661 1732 776 1804 parant,

154 1809 251 1870 animo
274 1810 338 1890 pari
361 1808 484 1870 Cadmea
505 1811 665 1890 progenies
686 1808 774 1884 subit,

155 1912 245 1955 cursu
268 1894 355 1955 citato
377 1894 462 1955 miles
485 1895 556 1955 binc
577 1904 665 1974 atque
687 1894 758 1955 binc
780 1893 849 1954 ruit.

153 1976 261 2040 viden?
283 1987 344 2040 atra
367 1979 463 2040 nubes
485 1980 606 2060 pulyere
629 1978 783 2041 abscondit
805 1978 883 2038 diem

153 2063 296 2143 fumoque
320 2064 430 2125 similes
453 2083 575 2145 campus
596 2065 627 2125 in
651 2064 764 2125 caelum
792 2063 878 2141 erigit

54 2212 57 2216 Α
154 2148 287 2222 nebulae,
311 2150 442 2228 equestri
465 2151 554 2210 fructa
577 2168 650 2228 quas
673 2148 760 2210 tellus
782 2148 858 2227 pede

155 2233 311 2295 summittit
333 2242 372 2310 et,
396 2235 420 2294 si
442 2252 510 2295 vera
530 2241 696 2295 metuentes
717 2233 828 2309 vident,

154 2318 260 2379 infesta
283 2319 398 2397 fulgent
420 2319 513 2397 signo,
537 2318 682 2380 subrectis
704 2318 786 2379 adest

154 2403 238 2463 frons
261 2404 356 2482 primo
377 2403 454 2478 telis,
477 2422 565 2465 aurea
587 2404 699 2464 clarum
721 2410 789 2464 noto

156 2505 265 2548 nomen
289 2488 397 2549 ducum
419 2488 522 2549 vexilla
543 2489 761 2569 praescriptum
784 2488 893 2548 ferunt.

155 2571 175 2647 i,
198 2573 287 2634 redde
309 2591 439 2634 amorem
461 2572 611 2650 fratribus,
633 2592 735 2653 pacem
759 2571 906 2647 omnibus,

156 2665 184 2718 et
205 2658 294 2739 impia
317 2676 395 2720 armo
418 2659 520 2719 matris
542 2657 681 2739 oppositu
707 2657 827 2738 impedi.

425 2809 619 2872 ANTIGONA

241 2909 346 2990 Perge,
370 2930 386 2971 o
409 2929 529 2991 parens,
551 2929 642 2992 perge
665 2919 694 2972 et
716 2910 772 2971 cito
795 2909 921 2971 celerem
943 2908 1077 2987 gradum,

156 3014 312 3076 compesce
334 2997 399 3071 teia,
422 2995 563 3057 fratribus
584 2997 696 3057 ferrum
720 3001 834 3069 excute,
903 3021 905 3024 >

156 3082 269 3143 nudum
291 3082 369 3143 inter
391 3100 478 3142 enses
499 3089 605 3160 pectus
627 3082 752 3142 infestos
774 3087 858 3141 tene:

156 3175 206 3229 aut
228 3166 307 3228 solve
328 3167 448 3241 bellum,
472 3174 574 3242 motor,
597 3175 647 3228 aut
669 3165 899 3247 prima’excipe.

155 3269 212 3312 roc.
256 3252 309 3313 ibo
331 3251 381 3312 ibo
404 3259 433 3313 et
455 3252 543 3312 armis
566 3252 682 3313 obvium
706 3268 855 3331 opponam
879 3255 977 3328 caput,

156 3336 239 3399 stabo
263 3338 341 3400 inter
362 3354 460 3412 arma;
483 3344 585 3417 petere
608 3337 660 3416 qui
681 3336 802 3398 fratrem
823 3333 910 3410 volet,

240 3491 288 3540 377
308 3488 395 3554 generi
412 3489 437 3539 A
494 3489 544 3540 380
562 3492 697 3555 utrumque
715 3486 792 3539 codd.
805 3484 926 3538 correxit
938 3480 1101 3533 Bottiae-
1112 3479 1190 3534 nicbii
1207 3479 1232 3531 b*

157 3558 206 3621 sat
220 3559 347 3607 ‘nuntius'
367 3557 487 3622 loquitur
497 3556 523 3606 A
540 3563 566 3604 ot
579 3559 619 3606 cio
628 3572 680 3622 per
692 3561 775 3613 totam
787 3567 912 3606 scaenam
964 3551 1014 3604 388
1032 3549 1105 3602 solvo
1119 3549 1144 3601 Ε
1161 3564 1232 3601 corr.

160 3622 309 3674 Gronovius
326 3627 380 3676 totu
393 3625 427 3677 A.
436 3653 471 3662 -
479 3622 581 3676 nudatis
593 3624 666 3676 stetit
677 3625 702 3675 A
754 3624 803 3676 392
822 3621 922 3675 animo:
941 3633 957 3670 o
969 3620 987 3670 i.
998 3634 1052 3669 rac.
1064 3634 1099 3669 oco
1110 3631 1126 3669 n
1136 3616 1196 3670 2m.
1206 3614 1232 3667 Ε

157 3693 208 3744 394
225 3689 284 3741 vide
302 3696 332 3742 nt
348 3721 370 3730 -
387 3691 528 3744 abscondat
544 3719 565 3729 -
585 3691 665 3760 erigut
677 3692 702 3743 A
734 3689 812 3743 viden
830 3693 859 3741 nt
876 3717 899 3727 -
917 3685 1052 3741 abscondit
1070 3714 1091 3724 -
1109 3686 1191 3752 erigut
1206 3681 1233 3734 Ε

158 3757 485 3831 conenitbacbmonnuc
502 3759 539 3810 ad
555 3760 636 3812 Luce.
652 3760 744 3827 p.194
761 3768 933 3824 (quamquam
950 3755 1071 3820 neglexit
1091 3753 1154 3806 Tro.
1170 3752 1232 3806 946)

158 3829 206 3880 397
225 3825 342 3878 ridentes
359 3827 384 3878 Ε
401 3833 484 3888 (corr.
502 3827 520 3881 2
537 3843 572 3880 m.
589 3834 621 3878 ut
637 3829 701 3887 oid.)
774 3829 825 3878 tot
848 3831 929 3877 motet
949 3822 1068 3891 opposito
1086 3825 1106 3887 ς
1180 3822 1231 3874 tou

157 3909 288 3961 perronae
305 3900 397 3945 notam
415 3895 508 3948 ΜΕ.
518 3910 639 3962 -perge
656 3912 672 3948 o
690 3909 783 3961 potens
800 3899 826 3946 et
843 3893 943 3945 concito
960 3891 1067 3944 celerem
1085 3888 1192 3958 gradum
1206 3887 1232 3938 A

150 3976 234 4032 perge
251 3977 268 4015 o
282 3975 378 4031 parens
396 3978 474 4032 perge
492 3967 519 4015 et
535 3964 635 4015 concito
653 3979 728 4016 cursu
745 3962 854 4014 celerem
872 3960 978 4027 gradum
995 3959 1020 4010 n
1037 3961 1148 4009 corr-oei
