2580 4366
544 249 571 289 L.
593 250 697 290 annam
719 249 843 292 SENECAE

246 400 293 460 ius
314 399 394 459 dedit
414 415 553 475 magnum
577 399 658 459 necis
679 410 768 479 atque
790 400 873 474 vitae,

247 485 350 564 ponite
372 483 489 543 inllatos
511 483 698 564 tumidosque
713 486 832 547 vultus:

247 569 427 648 quidquid'a
448 566 530 628 robis
551 569 846 651 minor'expavescit,

247 653 341 715 maior
362 655 420 713 hoc
441 652 524 713 vohis
545 655 682 715 dominus
704 656 847 729 minatur;

247 757 334 800 omne
356 737 411 799 suh
432 756 526 816 regno
548 739 682 817 graviore
703 758 829 819 regnum
851 749 904 800 est.
955 789 957 793 .

246 842 334 904 quem
357 824 418 883 dies
440 823 512 883 vidit
534 825 656 885 veniens
677 825 847 904 superbum,

245 912 326 970 hunc
349 909 412 968 dies
432 907 503 968 vidit
524 909 642 986 fugiens
663 909 817 970 iacentem.

246 1012 333 1054 nemo
356 994 485 1054 confidat
507 993 632 1054 nimium
653 995 802 1069 secundis,

246 1097 333 1139 nemo
357 1079 494 1157 desperet
515 1078 637 1139 meliora
659 1079 766 1159 lapsis:

248 1165 353 1225 miscet
373 1165 446 1224 haec
467 1163 526 1223 illis
549 1164 744 1244 prohibetque
766 1162 870 1225 Clotho

247 1258 322 1310 stare
344 1247 516 1322 Fortunam,
538 1257 615 1309 rotat
637 1267 725 1310 omne
747 1250 847 1310 latum.

246 1351 333 1395 nemo
355 1343 414 1393 tam
436 1333 520 1394 divos
541 1333 643 1394 hahuit
665 1334 804 1408 faventes,

246 1419 406 1480 crastinum
428 1429 462 1478 ut
482 1429 583 1497 posset
604 1417 660 1479 sibi
682 1419 831 1498 polliceri:

245 1523 293 1564 res
314 1505 387 1564 deus
409 1512 524 1563 nostras
546 1503 634 1563 celeri
657 1503 759 1565 citatas

364 1587 482 1649 turbine
504 1598 610 1648 versat.

355 1815 357 1818 ,
448 1756 611 1817 NVNTlVS

245 1874 317 1945 Quis
337 1894 385 1935 me
408 1893 461 1954 per
483 1894 568 1936 auras
590 1874 678 1936 turho
701 1874 892 1954 praecipitem
914 1877 1008 1936 vehet

159 1970 280 2039 atraque
302 1960 382 2020 nuhe
404 1960 539 2034 involvet,
562 1972 595 2020 ut
618 1971 730 2021 tantum
753 1959 835 2020 nclas

160 2045 264 2125 eripiat
286 2042 403 2106 oculis?
433 2064 449 2104 ο
472 2046 578 2106 domus
600 2044 703 2127 Pelopi
725 2063 844 2125 quoque

160 2139 188 2190 et
210 2130 332 2190 Tantalo
355 2130 507 2209 pudenda!
553 2148 637 2190 ouon
682 2128 758 2209 Quid
782 2140 881 2210 portas
904 2127 995 2190 novi?

158 2234 241 2275 uvur
286 2213 435 2297 Quaenam
458 2216 512 2275 ista
534 2216 615 2292 regio
639 2211 707 2274 est?
736 2219 830 2293 Argos
853 2224 882 2275 et
903 2213 1018 2296 Sparte,
1044 2218 1116 2298 pios

159 2300 262 2360 sortita
284 2301 399 2372 iratres,
423 2290 451 2360 et
472 2300 561 2360 maris
584 2298 692 2378 gemini
716 2317 854 2379 premens

137 2385 258 2491 xlauces
280 2383 448 2458 Corinthos,
470 2403 508 2444 an
531 2383 601 2444 ieris
623 2383 722 2444 Hister
744 2384 843 2462 fuam

84 2529 86 2545 ,
159 2469 303 2546 praehens
326 2469 435 2542 Alanis,
457 2488 494 2529 an
518 2469 573 2529 suh
596 2478 714 2535 aeterna
738 2469 803 2529 nive
901 2542 903 2546 Ι

158 2552 293 2632 Hyrcana
315 2554 402 2615 tellus
424 2573 461 2614 an
485 2554 548 2632 vagi
540 2552 679 2632 rpassim
702 2551 850 2633 Scythae?

158 2639 225 2717 quis
246 2640 294 2699 hic
318 2639 437 2700 nefandi
460 2649 505 2698 est
528 2637 665 2698 conscius
686 2639 812 2699 monstri
835 2637 941 2699 locus?

159 2742 241 2783 ouon.
285 2725 383 2784 Effare
406 2733 435 2784 et
457 2724 535 2784 istud
558 2722 664 2802 pande,
688 2724 896 2810 quodcumque
918 2733 971 2795 est,
995 2726 1122 2790 malum.

157 2829 240 2868 nvnr
284 2808 316 2868 Si
338 2809 450 2870 steterit
471 2810 598 2881 animus,
620 2807 645 2868 si
668 2805 748 2869 metu
772 2827 880 2890 corpus
902 2808 1002 2888 rigens

156 2895 285 2955 remittet
306 2903 394 2955 artus
439 2894 568 2954 haeret
561 2912 592 2953 rn
615 2893 697 2954 vultu
720 2893 812 2953 trucis

156 2979 253 3058 imago
276 2979 354 3039 lacti.
399 2979 474 3039 ferte
496 2996 542 3037 me
565 2978 686 3040 insanae
712 2979 826 3057 procul,

157 3063 218 3137 illo,
242 3064 398 3144 procellae,
422 3064 495 3124 ferte
518 3080 577 3143 quo
600 3065 694 3124 lertur
717 3063 778 3122 (lies

156 3149 226 3209 hinc
248 3158 359 3229 raptus.
404 3167 487 3209 cnon.
532 3147 654 3208 Animos
677 3148 792 3226 gravius
815 3148 943 3209 incertos
966 3154 1062 3211 tenes,

157 3233 227 3313 quid
249 3234 287 3294 sit
309 3235 388 3313 quod
410 3236 514 3295 horres
536 3234 590 3293 ede
612 3243 641 3292 et
662 3241 812 3293 auctorem
834 3232 946 3295 indica:

157 3338 216 3379 nou
241 3337 350 3399 quaero
374 3319 441 3398 quis
463 3320 509 3391 sit,
532 3318 582 3378 sed
606 3330 681 3382 uter.
725 3317 814 3379 ellare
836 3318 928 3379 ocius.

155 3424 239 3464 arur.
284 3403 318 3464 ln
341 3422 408 3464 arce
430 3421 543 3465 summa
566 3401 703 3483 Pelopiae
725 3422 793 3482 pars
816 3414 860 3464 est
882 3404 987 3463 domus

156 3508 297 3550 conversa
319 3488 354 3550 ad
377 3497 501 3562 austros,
525 3487 609 3549 cuius
632 3497 793 3548 extremum
817 3489 893 3549 latus

241 3708 291 3757 610
310 3705 452 3758 extimescit
469 3708 494 3757 A
549 3712 598 3761 616
617 3707 691 3760 lassis
709 3709 734 3758 Ε
801 3711 852 3762 626
870 3706 990 3773 possit&
1059 3724 1178 3762 scaettae
1194 3714 1231 3760 r'u·

154 3776 284 3838 scriptum
302 3773 420 3826 Nuntius.
440 3774 555 3826 Chorus
605 3779 655 3829 623
673 3776 745 3827 vehit
762 3777 786 3826 Ε
861 3779 911 3828 624
928 3775 1038 3825 involvit
1056 3776 1083 3826 E
1101 3777 1231 3830 volvelA

155 3844 277 3892 conenit
293 3843 426 3894 Acontius
499 3846 573 3896 627
567 3843 659 3908 impios
675 3846 700 3894 A
775 3847 824 3897 632
843 3845 923 3894 choro
942 3845 1114 3896 habuith
1183 3847 1230 3900 639

147 3909 255 4030 phelet]
274 3908 376 3961 efferA
444 3913 494 3963 646
512 3911 610 3977 quidlt'
676 3915 722 3964 641
743 3913 842 4023 pelopis
860 3912 885 3961 A
904 3910 1043 3978 pelopueae
1060 3914 1088 3963 E
1107 3917 1228 3967 eonem

174 3984 266 4031 olicus
