2580 4366
470 193 509 236 DE
531 194 659 236 huncne
683 196 806 239 obtenu.

194 362 217 404 r.
235 345 317 407 1302
340 343 382 404 sie
404 351 516 424 patrem
541 345 712 425 compellat:

311 427 436 508 Grpe-rete
457 431 551 503 erede;
573 449 633 492 nore
654 435 752 493 ou‘reus
773 431 882 494 eodum
902 432 976 496 milti

308 532 432 576 asserere
450 519 551 593 potui:
573 517 641 576 dum
658 528 773 596 petrem
795 536 895 579 oerum
914 530 997 598 poto,

308 598 383 661 eaelo
402 603 525 680 peperci.
570 605 629 661 sr'oe
650 602 771 663 medelis
789 612 874 682 poter

306 687 366 745 sive
387 705 416 746 es
436 688 615 762 misericors,
639 689 785 750 commodo
805 698 874 749 emto
896 707 1015 750 mortum

303 781 480 849 properante
501 781 600 831 morte.

106 849 161 914 hoo
189 853 276 915 dieis:
306 857 386 914 eaelo
416 854 537 934 peperci
561 855 630 933 quie
651 873 754 916 vorum
775 864 804 917 te
827 863 942 936 patrem
963 857 1062 920 habui.
1107 859 1179 920 suh·

106 937 238 999 audimus
262 938 356 999 ultro:
379 938 438 999 iam
461 939 586 1018 cognovi
608 948 637 1001 te
658 958 761 1002 verum
782 950 897 1021 petrem
912 959 975 1003 non
991 961 1066 1019 esse,
1089 962 1179 1022 quem

107 1022 233 1084 colorem
256 1032 340 1084 antea
363 1023 420 1084 iam
435 1024 571 1104 pluribus
586 1034 764 1104 persecutus
779 1034 824 1087 est
838 1028 963 1130 [1248
949 1046 1009 1088 eom
1023 1033 1083 1090 ioue
1097 1049 1179 1092 meus

107 1109 232 1171 credetur
260 1108 449 1212 Amphitrppre
473 1111 578 1189 poter).
624 1110 675 1171 sod
704 1111 817 1190 pergit·
842 1106 919 1173 ‘sive
948 1114 1070 1175 medelis
1093 1126 1180 1193 poter

106 1198 162 1254 sive
190 1214 217 1256 es
245 1189 432 1265 mesericors’,
463 1194 548 1273 quasi
578 1194 614 1254 de
644 1213 712 1256 vero
742 1204 827 1274 patre
855 1196 1028 1276 neutiquam
1054 1198 1177 1260 dubitet

108 1278 204 1340 debuit
225 1278 343 1358 utique:
368 1278 428 1340 sire
449 1297 537 1340 verus
559 1288 643 1359 peter
666 1299 698 1340 es
713 1279 774 1341 sive
788 1280 862 1342 falso
878 1281 1008 1344 oreditus
1024 1282 1080 1359 (sie
1094 1283 1176 1345 fere:

107 1367 163 1424 αὐτ
183 1376 214 1425 tu
234 1382 319 1425 verus
337 1373 422 1444 poter
443 1383 492 1426 seu
513 1365 597 1443 [omo
618 1365 697 1443 falsu
711 1377 759 1436 est,
780 1368 925 1429 comoedo
940 1368 1071 1431 metram
1085 1369 1178 1446 oribe).

110 1449 180 1515 ἰ-ιῖί
189 1448 330 1509 lleroules
352 1458 510 1529 postquam
532 1449 642 1510 audivit
670 1469 702 1511 se
724 1449 817 1511 Nessi.
834 1451 938 1525 fraude
962 1452 1098 1514 oeoidere
1120 1453 1177 1515 iam

112 1533 166 1592 lata
186 1533 294 1613 expleri
317 1534 408 1595 sentit
431 1534 561 1609 (torah

509 1637 627 1698 quereus
647 1619 720 1680 horte
741 1630 846 1682 sortem
867 1619 940 1681 mehr·

303 1703 426 1781 fatidico
447 1705 589 1782 quondam
611 1704 725 1765 dederat
747 1715 773 1766 et
794 1703 950 1767 Parnassio

307 1786 445 1849 Cirrhaeo
466 1792 594 1868 praetere
614 1788 719 1868 templo
740 1793 853 1868 παραυ
874 1794 1008 1862 retrusi)

119 1869 179 1948 quis
200 1872 268 1934 haee
294 1870 466 1951 intellegat?
494 1891 628 1935 unumne
650 1872 789 1952 idemque
812 1873 965 1934 oraculum
988 1873 1032 1935 illi
1053 1875 1175 1972 llelphis

121 1972 152 2013 ao
169 1956 295 2018 Dodonae
318 1953 471 2018 evenisse?
494 1956 604 2035 legerat
625 1957 766 2019 nimirum
790 1957 841 2036 qui
863 1957 937 2019 haee
958 1959 1078 2040 scripsit
1099 1958 1175 2022 Iler-

123 2039 203 2102 eulem
222 2041 413 2147 Sophoclium
434 2041 474 2102 ita
491 2043 669 2145 loquentem
691 2043 816 2120 (hosp

304 2123 378 2228 ἐμοὶ
401 2124 462 2206 γὰρ
484 2115 523 2206 ἦν
546 2124 741 2209 πρόφαντον
765 2124 801 2191 ἐκ
823 2124 970 2231 πατρὸς
974 2125 1082 2193 πάλαι

306 2205 433 2314 ἀνδρῶν
456 2208 623 2275 πνεόντων
645 2206 785 2316 μηδενός
807 2205 970 2276 esseest
950 2235 1028 2293 οπο,

305 2288 418 2359 dtr⁰
399 2317 492 2372 οστις
506 2290 626 2360 ςἈιόου
650 2292 817 2381 φθίμενος
840 2295 981 2380 οικήτωρ
1004 2295 1113 2364 πέλοι.

132 2378 239 2442 tenemus
260 2400 349 2445 unam
370 2391 481 2443 sortem
503 2401 579 2462 quae
601 2383 660 2443 iam
681 2393 777 2444 ratum
799 2382 902 2444 habuit
923 2392 1087 2468 eventum:-

267 2460 359 2529 ὅδ’
383 2454 440 2530 οόν
464 2461 481 2528 ό
504 2464 575 2571 θὴρ
595 2463 793 2546 Κένταυρος,
818 2459 863 2542 ὡς
884 2464 923 2529 τὸ
945 2469 1086 2532 θεῖον’
1066 2456 1107 2571 pr
1168 2506 1173 2511 ·

147 2626 173 2686 d
305 2549 510 2635 πρόφαντον,
535 2573 622 2614 ουτω
646 2548 752 2630 ζῶντά
774 2553 808 2632 μ
820 2549 960 2618 ἔκτεινεν
983 2550 1108 2619 θανών.

136 2639 146 2680 S
147 2639 290 2714 epergit·

305 2721 400 2805 φανῶ
424 2716 560 2822 δ”εγώ
565 2717 715 2785 τούτοισι
738 2721 954 2803 συμβαίνοντ’
974 2720 1034 2787 ἰ’σα

304 2807 453 2908 μαντεῖα
465 2800 562 2869 καινοὶ
583 2813 656 2882 τοῖς
677 2802 785 2870 πάλαι
806 2803 977 2909 ξυνήγορα,

236 2895 244 2901 “
305 2887 325 2954 ἃ
347 2891 413 2954 τῶν
438 2882 554 2971 ὀρείων
576 2891 630 2954 καὶ
645 2895 875 2994 χαμαικοίτων
900 2888 962 2994 ἐγώ

304 2975 435 3041 Σελλῶν
458 2973 607 3039 ἐσελθών
631 2971 732 3051 ἄλσος
755 2974 1002 3080 εἷσεγραφάμην

304 3057 391 3142 πρὸς
412 3060 470 3143 τῆς
493 3059 653 3145 πατρῴας
673 3061 727 3125 καὶ
751 3059 993 3144 πολυγλώσσου
1018 3058 1124 3144 δρυός.

217 3145 337 3209 alterum
360 3147 529 3221 oraculum3
559 3148 639 3225 quod
668 3167 736 3210 oum
758 3149 898 3210 Dodonae
920 3150 1019 3210 datum
1041 3165 1107 3208 esse
1129 3146 1173 3207 di·

132 3224 195 3288 sertis
213 3230 306 3294 verbis
328 3233 453 3305 dicatur,
475 3231 579 3311 quidni
600 3231 685 3313 prius
708 3233 780 3294 illud
801 3233 936 3313 Delphici
952 3231 1099 3311 Apollinis
1121 3248 1173 3292 ore

131 3298 222 3375 ahlore
241 3313 411 3397 acceperit?
432 3327 492 3377 tam
511 3317 614 3379 claude
629 3325 725 3379 autem
742 3325 771 3379 et
786 3318 905 3396 oblique
919 3325 1007 3397 poeta
1020 3314 1173 3376 Romanus

130 3379 183 3455 haee
200 3399 273 3462 iuter
293 3421 326 3463 se
348 3401 511 3476 coniunxit,
535 3412 569 3463 ut
583 3402 619 3463 de
634 3421 694 3464 una
709 3410 824 3464 tantum
839 3411 918 3463 sorte
933 3400 1016 3480 loqui
1030 3399 1173 3463 rideatur.

130 3474 192 3543 llius
211 3486 294 3549 verba
317 3495 346 3549 et
368 3487 432 3567 ipsa
455 3486 600 3564 originem
615 3488 685 3549 satis
700 3487 867 3549 luculenter
881 3493 1037 3560 testantur,
1061 3485 1174 3583 quippe

129 3568 183 3631 llte
202 3589 234 3632 ex
248 3572 407 3653 Sophoclis
429 3572 547 3650 gemino
569 3573 699 3634 carmine
713 3573 783 3634 item
799 3572 831 3633 in
847 3590 941 3633 unum
956 3571 1081 3634 eonllata
1096 3572 1171 3634 sint·

128 3685 304 3715 k...

193 3785 211 3848 ll
225 3804 271 3869 pro
282 3805 375 3840 remum
390 3788 550 3840 scribendum
562 3804 620 3841 esse
631 3805 726 3908 speum
735 3795 804 3842 reete
817 3789 956 3842 coniecisse
965 3786 1040 3840 eredo
1050 3786 1173 3839 Wilemo·

128 3841 223 3906 llihinnu.
247 3858 311 3924 ipse
328 3858 459 3908 volueram
479 3860 565 3922 tripes
582 3853 715 3924 (ἴαχενέξ
700 3853 845 3914 §odorere
864 3855 910 3907 διὰ
930 3851 1104 3923 τριποόαν’
1091 3850 1173 3924 sperl-

129 3920 189 3986 eur),
201 3924 242 3976 ted
259 3925 374 3992 mugitus
393 3930 433 3978 est
451 3931 532 3976 terrae
549 3925 643 3992 hagor.
