2602 4380
106 252 121 261 .
179 196 218 258 58
547 212 585 253 nn
606 211 735 253 nnncvne
758 210 880 253 61111116.

177 372 326 426 cantatum
349 362 420 424 illud
437 364 473 423 de
488 363 569 422 bono
584 361 714 422 Homero
729 360 923 439 praetendant
936 369 967 422 et
981 360 1128 423 Senecam
1142 359 1254 425 medio·

177 468 257 512 crem
275 457 355 508 certe
377 458 495 527 poetam
518 447 696 526 quandoque
717 447 924 508 dormitantem
937 464 999 507 non
1015 445 1173 509 mirentur.
1205 448 1255 510 de·

177 534 403 595 monstrandum
432 534 522 612 igitur
551 533 631 611 quod
660 549 754 593 unum
783 532 880 592 adhuc
909 539 1015 607 restat,
1050 532 1131 594 haud
1162 551 1254 612 pauca

176 619 289 680 scilicet
309 618 382 680 lerri
406 619 436 679 in
458 618 514 686 hac
534 617 632 678 sabula
653 635 729 696 quae
750 635 767 677 a
790 615 920 677 Senecae
942 635 999 677 usu
1020 615 1116 679 aliena
1141 617 1212 680 sint.

263 711 351 782 atque
372 703 509 763 metricas
532 702 651 780 quidem
674 702 803 763 rationes
825 702 904 762 inter
924 702 1002 762 hanc
1022 711 1198 782 ceterasque
1213 704 1254 766 la·

176 790 261 852 bulas
283 789 322 849 ita
344 788 480 868 aequales
502 806 584 861 esse,
614 797 648 848 ut
676 787 753 847 haud
775 805 882 864 magno
904 786 1047 865 temporis
1070 787 1168 868 spatio
1190 791 1255 851 sine

178 874 267 936 dubio
291 892 394 935 omnes
415 873 621 946 distineantur‚
644 872 740 951 primo
763 871 829 932 loco
845 871 981 932 diximus.
1018 890 1078 950 quo
1094 882 1178 934 certe
1193 891 1254 936 non

177 959 307 1020 levamur
337 958 433 1020 olticio
464 976 539 1037 quae
568 959 645 1018 sorte
674 956 818 1017 Hercules
847 955 974 1018 Oetaeus
1002 957 1116 1018 diversa
1148 959 1256 1020 habeat

177 1044 372 1105 examinandi.
416 1043 546 1122 primum
567 1060 636 1103 vero
660 1041 809 1121 quomodo
832 1041 1036 1120 aequalitatem
1058 1042 1145 1104 istam
1166 1043 1255 1106 intel·

176 1130 281 1192 lectam
303 1129 390 1189 velim
413 1128 554 1207 exemplis
577 1146 638 1189 uno
661 1126 788 1188 alterove
811 1145 957 1206 exponam
979 1127 1130 1205 equibus
1159 1146 1255 1207 quan·

176 1215 402 1293 tulumcumque
424 1214 501 1274 hanc
524 1230 643 1291 quoque
665 1213 697 1272 in
720 1212 924 1291 quaestionem
945 1212 1021 1273 lucri
1043 1213 1102 1273 liat.

263 1299 388 1359 creticos
410 1299 441 1359 in
465 1297 590 1359 trimetri
611 1298 671 1358 line
691 1297 804 1376 positos
820 1315 889 1358 cum
903 1297 1096 1358 antecedente
1110 1297 1256 1360 vocabulo

178 1385 344 1445 coalescere
371 1383 434 1444 1616
463 1383 626 1460 legitimum
658 1390 703 1443 est
730 1383 761 1442 in
791 1383 921 1444 Senecae
949 1382 1110 1461 tragoediis
1139 1383 1191 1455 (cl.
1221 1384 1256 1446 B.

178 1469 313 1530 Schmidt
340 1468 377 1530 de
406 1469 521 1528 emend.
545 1469 615 1529 Sen.
639 1476 712 1545 trag.
743 1486 773 1547 p.
797 1470 837 1530 37
861 1469 933 1546 sq.);
962 1468 1043 1546 quod
1072 1469 1258 1546 tragicorum

176 1554 360 1615 Graecorum
380 1571 438 1615 usu
461 1562 491 1615 et
511 1553 684 1614 auctoritate
706 1553 817 1614 lactum
839 1571 904 1614 esse
930 1560 959 1613 et
980 1552 1164 1615 Schmidtius
1186 1553 1279 1616 vidit

177 1649 207 1700 et
233 1640 426 1700 confirmatur
455 1647 621 1717 comparata
649 1655 788 1699 versuum
816 1637 906 1699 latino
936 1636 996 1699 ritu
1019 1638 1259 1718 compositorum

177 1735 254 1787 arte:
287 1722 418 1785 Terentii
447 1724 526 1786 enim
554 1731 587 1784 ut
608 1724 743 1802 exemplo
766 1731 847 1800 utar,
878 1724 910 1785 in
933 1721 1257 1786 llautontimorumeno

177 1810 239 1872 489
264 1808 413 1870 trimetros
436 1809 589 1887 complexa
615 1811 675 1871 174
698 1807 800 1869 cretici
822 1808 854 1869 in
870 1809 930 1869 11116
944 1826 1048 1870 versus
1063 1815 1165 1870 extant
1180 1827 1280 1888 quo·.

177 1913 244 1955 rum
267 1895 306 1956 27
332 1893 362 1966 (1.
379 1913 403 1955 e.
424 1898 441 1956 7
465 1893 543 1954 inter
566 1896 719 1968 centenos)
742 1912 811 1954 cum
832 1911 903 1954 voce
925 1893 1119 1956 antecedente
1141 1893 1260 1956 coales-

176 1989 259 2054 cunt,
278 1980 335 2039 147
352 1979 384 2053 (1.
398 1997 423 2039 6.
435 1980 476 2043 30
488 1979 566 2039 inter
581 1980 734 2054 centenos)
751 1997 813 2038 non
826 1979 1013 2052 coalescunt;
1032 1978 1104 2039 item
1115 1979 1147 2039 in
1160 1978 1260 2042 Phae·

178 2064 222 2124 dri
245 2062 378 2124 versibus
401 2065 418 2125 7
443 2063 521 2124 inter
545 2067 605 2127 100
629 2064 808 2138 coalescunt,
832 2065 873 2126 20
889 2081 950 2124 non
965 2062 1146 2125 coalescunt
1177 2063 1261 2127 inter

178 2149 307 2209 Senecae
330 2165 399 2208 vero
421 2147 570 2209 trimetros
593 2157 736 2209 centenos
759 2148 938 2210 clauduntur
953 2148 1071 2209 creticis
1085 2167 1155 2210 cunr
1171 2159 1260 2212 ante·

177 2233 302 2294 cedente
323 2249 393 2291 voce
417 2232 651 2294 coalescentibus
680 2234 710 2293 in
728 2232 781 2292 nt.
808 2236 857 2306 11,
879 2234 903 2305 6,
934 2252 995 2295 non
1018 2233 1260 2298 coalescentibus

176 2319 208 2389 2,
233 2328 262 2390 1;
292 2316 364 2394 Thy.
389 2317 419 2391 9,
442 2326 471 2378 8:
501 2319 589 2392 2,05;
627 2316 739 2378 Phoen.
765 2322 813 2389 10,
837 2329 865 2378 2:
893 2322 920 2394 1,
942 2328 973 2392 53
1001 2318 1111 2380 Phaed.
1137 2322 1193 2382 10:
1224 2325 1258 2394 1;

178 2402 337 2476 0611841
362 2401 599 2476 0,5;Tro.10:
624 2407 659 2484 13
688 2403 877 2478 Med.11‚a:
904 2408 931 2479 1,
947 2413 977 2479 93
1009 2404 1061 2482 dg.
1079 2408 1107 2479 7,
1123 2413 1154 2464 3:
1181 2408 1259 2480 1,1;

177 2487 231 2549 ΗΟ
248 2488 277 2560 9,
293 2496 322 2546 4:
347 2489 376 2559 0,
392 2495 416 2547 8.
446 2486 478 2548 in
501 2486 609 2566 quibus
631 2488 743 2549 nullam
765 2489 828 2549 1616
851 2489 1047 2551 differentiam
1068 2508 1134 2550 esse
1157 2489 1260 2574 vides3

177 2573 208 2632 in
233 2572 352 2634 Octavia
373 2589 442 2632 vero
466 2583 495 2634 et
518 2573 694 2634 creticorum
718 2593 791 2635 usus
813 2574 909 2635 rarior
931 2585 959 2635 et
974 2593 1035 2635 non
1052 2575 1258 2639 coalescentes

177 2674 300 2737 prorsus
331 2656 426 2717 evitati
458 2666 545 2732 sunt,
573 2657 599 2717 si
628 2667 707 2719 recte
731 2677 828 2738 nuper
849 2678 876 2718 v.
899 2662 959 2722 457
985 2660 1058 2721 eieci
1080 2659 1195 2734 (Herm.
1219 2660 1257 2733 X,

176 2761 206 2821 p.
231 2742 315 2814 439).
357 2750 460 2803 contra
482 2742 633 2804 invenitur
654 2744 685 2804 in
710 2742 829 2804 Octavia
850 2743 1026 2824 bisyllabum
1047 2744 1169 2807 bibrcve
1191 2764 1256 2808 non

177 2827 347 2887 coalescens
369 2845 437 2887 cum
460 2827 569 2889 cretico
593 2828 668 2904 (393
689 2849 779 2908 penus
798 2832 948 2911 impium);
981 2831 1066 2891 cuius
1088 2830 1132 2892 rei
1155 2849 1256 2893 exem·

176 2912 259 2992 plum
282 2929 350 2973 cum
365 2923 517 2991 praeterea
539 2913 571 2973 in
593 2913 640 2973 his
654 2915 813 2989 tragoediis
828 2934 889 2975 non
908 2924 995 2989 extet,
1018 2924 1064 2976 ter
1078 2916 1110 2975 in
1124 2915 1256 2978 Hercule

177 2996 213 3056 de
228 3015 285 3076 qua
300 2995 413 3073 agimus
429 2996 573 3058 occurrit:
591 3009 667 3061 caret
681 2998 821 3072 Hercula·
842 3002 925 3080 seror
943 3000 1060 3074 obrutu3
1079 3001 1162 3063 daret
1174 2999 1255 3063 Her-

177 3082 251 3144 cules
273 3083 357 3157 (406.
382 3083 453 3145 757.
479 3083 583 3157 1847).
620 3085 658 3144 cf.
682 3085 816 3147 Schmidt
836 3106 867 3165 p.
884 3087 935 3149 53.
1046 3107 1050 3112 ’

261 3167 386 3229 alterum
414 3167 439 3228 si
468 3167 525 3228 iam
555 3168 591 3228 ab
619 3169 676 3230 alio
707 3179 884 3250 occupatum
913 3170 951 3231 sit
979 3189 1026 3230 me
1057 3179 1138 3232 certe
1167 3173 1253 3252 fugit.

154 3267 157 3273 ·
177 3270 286 3332 nempe
308 3252 504 3331 synaloephae
528 3270 615 3313 usum
637 3272 726 3332 quem
748 3258 810 3316 lere
832 3256 947 3317 nullum
975 3274 1040 3316 esse
1062 3256 1093 3316 in
1116 3257 1254 3336 personis

175 3338 323 3398 mutandis
346 3338 738 3418 Schmidtius(1.s.p.20)
762 3341 924 3403 rectissime
947 3340 1120 3418 observavit,
1143 3342 1254 3404 artiore

177 3420 263 3481 etiam
286 3423 350 3500 lege
372 3423 418 3484 vel
438 3423 469 3484 in
485 3422 634 3484 lenissima
650 3426 863 3487 sententiarum
879 3425 1071 3488 distinctione
1085 3425 1252 3489 adstrinxit.

176 3504 338 3567 admittitur
366 3522 465 3571 autem
494 3508 627 3571 omnium
650 3510 786 3572 facillime
808 3512 839 3572 in
864 3511 1000 3590 gravibus
1022 3511 1250 3591 monosyllabis:

176 3599 202 3650 et
224 3609 256 3651 oc
278 3604 431 3672 persaepe,
452 3594 497 3657 bic
518 3595 584 3656 binc
606 3604 660 3655 etc.
685 3597 765 3657 unde
780 3595 900 3671 viciens,
923 3600 956 3657 ia
972 3596 1007 3658 ab
1022 3598 1061 3657 ad
1074 3615 1113 3665 cc
1127 3597 1253 3674 octiens,

175 3686 208 3735 ut
231 3674 360 3750 deciens,
382 3687 433 3737 cut
455 3697 494 3739 aa
516 3679 642 3753 sexiens,
672 3681 704 3740 in
726 3681 984 3743 interiectionibus
1004 3683 1033 3756 (o
1056 3683 1087 3757 a)
1110 3690 1156 3744 ter
1179 3700 1251 3762 qua·

175 3768 271 3830 terve,
300 3759 379 3821 baud
406 3760 603 3827 Ρ116611.377
649 3783 684 3826 aa
713 3765 786 3826 Oed.
813 3768 903 3830 1053.
949 3785 1036 3828 voces
1064 3767 1134 3845 plus
1164 3784 1252 3847 quam

175 3842 332 3921 hisyllabae
345 3864 406 3905 non
423 3847 593 3908 coalescunt
607 3848 665 3909 nisi
680 3849 711 3910 in
727 3850 858 3912 secunda
873 3851 982 3930 syllaba
997 3862 1100 3913 acutae
1116 3861 1150 3914 ut
1165 3870 1252 3932 syna·

178 3929 285 4007 loepha
308 3930 339 3991 in
362 3931 420 3992 arsi
441 3932 506 3993 fiat:
531 3929 611 4012 quod
633 3943 678 3996 ter
700 3935 821 3997 deciens
843 3937 960 4017 accidit;
983 3937 1014 3998 in
1036 3937 1114 3999 thesi
1136 3947 1252 4001 tantum
