2580 4366
463 940 623 1002 onolrvs

198 1059 282 1124 Caeci
304 1060 436 1141 parentis
458 1059 589 1138 regimen
613 1068 642 1121 et
662 1059 732 1122 lessi
756 1061 879 1123 unicum

110 1146 211 1208 lateris
233 1147 374 1221 levamen,
398 1154 475 1221 nata,
499 1163 586 1224 quam
609 1145 683 1206 tanti
706 1156 750 1207 est
771 1147 843 1208 mihi

111 1232 251 1310 genuisse
274 1230 319 1293 vel
341 1231 394 1307 sic,
417 1228 520 1292 desere
542 1229 703 1292 infaustum
726 1239 851 1310 patrem.

111 1317 142 1377 in
164 1325 244 1378 recta
267 1316 337 1396 quid
360 1315 492 1378 deflectis
513 1326 661 1377 errantem
682 1314 828 1395 gradum?

110 1401 248 1481 permitte
271 1401 329 1462 labi
336 1419 345 1477 ;
368 1400 474 1462 melius
496 1400 643 1462 inveniam
665 1401 751 1476 viam,

111 1505 200 1566 quam
223 1504 343 1566 quaero,
367 1485 458 1558 solus,
481 1504 558 1564 quae
580 1504 627 1546 me
649 1485 684 1546 nh
706 1485 762 1547 hae
784 1486 841 1548 vita
864 1488 995 1550 extrahat

111 1579 141 1631 et
161 1571 219 1632 hoc
243 1571 362 1633 nefandi
385 1570 489 1650 capitis
511 1577 631 1649 aspectu
658 1570 734 1631 levet

110 1655 224 1717 caelum
246 1665 335 1735 atque
356 1665 460 1717 terras.
505 1655 681 1734 quantulum
702 1654 758 1716 hac
779 1656 828 1734 egi
850 1654 963 1718 manu?

111 1759 173 1802 non
195 1741 279 1802 video
303 1760 395 1802 noxae
418 1741 573 1801 conscium
595 1749 714 1802 nostrae
739 1739 827 1816 diem,
849 1807 853 1813 ,
1059 1807 1062 1811 ,

110 1825 163 1886 sed
185 1826 295 1887 videor.
339 1825 410 1886 hinc
432 1825 489 1885 iam
511 1824 591 1886 solve
613 1824 817 1886 inhaerentem
839 1844 960 1889 manum

111 1918 141 1970 et
162 1921 264 1990 patere
287 1929 406 1971 caecum
429 1928 486 1989 qua
508 1909 586 1970 volet
607 1909 679 1970 ferri
701 1910 817 1989 pedem.

111 1994 172 2072 ibo,
195 1996 244 2057 ibo
268 2015 324 2075 qna
346 2003 506 2075 praerupta
527 1994 679 2074 protendit
700 1995 769 2073 iuga

110 2098 196 2143 meus
218 2079 385 2154 Cithaeron,
409 2098 467 2159 qua
489 2088 643 2160 peragrato
667 2081 745 2141 celer
788 2102 790 2106 ·

110 2184 165 2245 per
187 2185 255 2228 saxa
276 2173 377 2227 monte
399 2165 490 2226 iacuit
512 2168 642 2226 Actaeon
664 2165 727 2226 suis

110 2269 185 2311 nova
208 2251 313 2331 praeda
337 2249 470 2327 canibus,
494 2268 552 2329 qna
573 2269 628 2330 per
650 2249 811 2311 obscurum
833 2267 938 2311 nemus

110 2336 272 2415 silvamque
294 2353 403 2415 opacae
425 2334 507 2396 vallis
529 2335 684 2398 instinctas
706 2335 762 2397 deo

111 2420 171 2500 egit
193 2439 311 2482 sorores
332 2430 425 2482 mater
447 2429 476 2481 et
498 2421 628 2498 gaudens
650 2420 726 2480 malo

109 2506 242 2567 vibrante
263 2506 354 2566 fixum
376 2505 517 2585 praetulit
539 2506 639 2585 thyrso
663 2512 768 2585 caput;

110 2591 156 2652 vel
179 2608 236 2669 qua
259 2590 400 2665 cucurrit,
424 2608 533 2669 corpus
556 2590 676 2651 inlisum
698 2589 828 2664 trahem,

110 2675 193 2736 Zethi
215 2675 368 2749 iuvencus,
392 2693 450 2754 qua
472 2693 526 2753 per
547 2675 704 2736 horrentes
726 2673 818 2735 rubos

109 2761 187 2821 tauri
209 2760 316 2822 ferocis
338 2761 459 2838 sanguis
482 2760 611 2822 ostendit
632 2759 733 2838 lugas3

110 2844 156 2905 vel
178 2864 236 2924 qua
259 2845 316 2906 alta
337 2846 428 2906 maria
449 2844 559 2906 vertice
581 2844 726 2905 immenso
747 2843 857 2922 premit

110 2930 182 2990 lnoa
204 2948 305 3009 rupes,
328 2948 386 3008 qua
408 2928 506 2991 scelus
527 2929 645 3008 fugiens
667 2947 776 2990 norum

111 3032 280 3094 novumque
302 3015 414 3076 faciens
436 3024 529 3077 mater
551 3013 665 3075 insiluit
686 3015 760 3075 lreto

110 3117 243 3161 mersura
267 3107 368 3160 natum
390 3119 482 3179 seque
504 3134 543 3143 -
567 3099 669 3160 felices
695 3096 803 3178 quihus

110 3184 229 3246 fortuna
251 3183 356 3245 melior
378 3192 436 3246 tam
459 3185 552 3247 bonas
573 3193 682 3246 matres
704 3182 793 3244 dedit.

196 3366 397 3422 PHOENlSShE
414 3369 439 3419 u
473 3366 610 3420 runoms
628 3368 653 3417 A
688 3365 862 3431 onntrvsg

196 3553 307 3589 scaenae
325 3539 484 3588 inscribitur·
502 3534 614 3604 Oedipus
630 3535 760 3603 Antigona
814 3537 880 3597 tet]
899 3533 966 3584 ccA
1018 3531 1130 3598 epatris
1147 3530 1184 3584 le-

110 3618 203 3656 vamen
213 3605 288 3658 codd.
301 3608 422 3657 correxit
432 3603 582 3655 Gronovius
618 3603 740 3657 8hoecll
777 3601 978 3669 taperagutiA
1014 3600 1184 3654 ttmoutisA

113 3675 144 3725 16
162 3673 323 3726 instinctah'
394 3676 425 3727 18
443 3676 513 3739 tryso
531 3673 557 3723 E
582 3672 610 3724 th
630 3687 672 3724 rso
690 3672 811 3739 praetulit
827 3669 906 3723 fixum
924 3670 949 3721 Α
1019 3671 1050 3722 tu
1074 3668 1185 3721 invisum

112 3740 188 3794 codd.
207 3746 317 3793 corraei
333 3741 378 3807 (cs.
396 3759 422 3793 u.
440 3741 483 3805 96)
554 3743 586 3794 to
609 3688 667 3792 hohi
685 3741 718 3792 u.
736 3769 771 3780 —
791 3740 911 3791 iuventus
927 3739 951 3788 Α
1000 3739 1052 3817 ,21
1072 3740 1186 3816 ostentat

111 3809 309 3863 coddcorraccr‘
361 3812 394 3862 22
412 3809 515 3862 victrice
532 3808 557 3859 E
610 3808 756 3876 23lnoque
772 3822 895 3875 praeceps
912 3807 938 3858 A
972 3804 1055 3858 Minor
1072 3820 1142 3872 rupis
1158 3802 1184 3854 Ε

112 3881 234 3928 coercuit
253 3877 411 3930 Gronovius.
430 3877 581 3945 --lugiens
602 3892 676 3930 suum
695 3876 772 3930 codd.
790 3879 910 3929 correxit
926 3874 1055 3942 Peiperuc

163 3971 259 4014 Senecae
271 3970 396 4022 tragoediae
408 3969 436 4012 Π.
979 3979 1000 4030 ς)
