2602 4380
111 199 170 260 134
306 200 309 205 '
445 213 483 256 on
505 212 632 255 cmrrcrs
654 212 841 256 rourumms.

107 365 322 429 adnotavimus:
355 361 441 443 plura
469 363 538 424 sciri
569 366 783 441 nequeunt.²⁸)
834 363 947 425 accedit
972 363 1120 443 deniqne,
1149 366 1178 427 in

108 471 168 530 quo
192 469 252 510 non
275 467 398 529 parvum
420 448 510 509 situm
533 467 596 508 esse
618 457 802 510 momentum
823 449 1004 510 aestimo-
1020 449 1180 527 tetigerunt

107 536 140 596 Β.
163 534 343 596 Schmidtius
366 542 394 594 et
415 532 627 594 Habruckerus
640 567 692 607 -,
715 533 839 596 traditus
861 534 893 594 in
912 532 1041 595 Etrusco
1062 544 1179 614 tragoe-

107 620 221 680 diarum
244 619 333 693 ordo;
356 619 386 678 in
413 617 464 678 illo
487 617 565 678 enim
589 635 654 678 sese
669 618 821 697 excipiunt
835 626 902 698 post
916 618 1034 698 priores
1049 619 1179 700 quinquo

109 705 241 782 Oedipus
271 705 449 781 Agamemno
479 703 621 782 Thyestes
650 701 808 777 Hercules;
839 712 927 782 atque
949 703 1108 781 ignoscant
1128 704 1179 764 riri

107 790 187 850 docti
202 788 335 867 priorum
357 789 525 866 horumque
540 794 707 866 temporum
723 789 748 848 si
763 787 809 847 vix
824 789 957 848 futurum
973 788 1067 850 luisse
1081 789 1179 850 dixero

108 886 142 935 ut
156 874 192 934 de
207 874 436 951 Agamemnonis
457 879 578 934 auctore
592 873 779 951 suspiciones
798 872 1014 950 proferrentur,
1036 873 1063 933 si
1078 874 1180 935 ordine

107 958 234 1038 pristino
257 954 323 1018 illae
345 958 376 1018 in
400 957 579 1018 editionibus
597 957 726 1036 proponi
742 958 881 1018 solerent.
912 975 1002 1036 quem
1016 959 1180 1038 tragoedia·

107 1061 174 1104 rum
197 1043 315 1123 corpori
338 1042 554 1104 restituendum
576 1061 641 1103 esse
663 1050 752 1120 patet.
785 1041 932 1122 Oedipum
947 1051 1047 1103 autem
1063 1052 1093 1104 et
1107 1046 1180 1122 Aga·

107 1146 265 1189 memnona
288 1145 355 1189 cum
378 1128 468 1189 unius
490 1126 681 1205 eiusdemque
703 1127 832 1192 auctoris
855 1145 919 1187 esse
942 1136 1059 1188 certum
1083 1128 1131 1200 sit,
1153 1137 1181 1189 ct

108 1213 172 1275 illas
195 1222 223 1272 et
241 1213 389 1290 Thyesten
414 1231 481 1272 cum
504 1210 631 1272 Hercule
655 1211 764 1273 Oetaeo
787 1211 954 1272 abiudicare
977 1212 1111 1274 Senecae
1132 1213 1182 1274 de·

107 1298 188 1359 bebit
210 1297 261 1376 qui
283 1297 402 1358 alteram
424 1306 520 1356 utram
542 1296 676 1360 voluerit.

193 1383 292 1460 itaque
314 1383 480 1460 longiorem
502 1398 589 1459 quam
613 1400 665 1461 par
688 1392 733 1442 est
755 1381 984 1461 disputationem
1007 1399 1070 1442 non
1095 1382 1181 1443 debili

54 1467 57 1472 ’
108 1467 159 1528 illo
182 1476 210 1528 et
231 1465 381 1545 ambiguo,
405 1485 464 1545 quo
487 1475 610 1545 propter
631 1467 878 1527 documentorum
900 1465 970 1527 satis
985 1467 1121 1545 gravium
1136 1468 1181 1529 in·

109 1553 206 1631 opiam
228 1551 273 1612 rei
294 1550 421 1612 subinde
444 1551 642 1628 dimittuntur,
665 1552 716 1612 sed
738 1551 808 1613 satis
824 1551 944 1612 definito
960 1551 1182 1615 terminavimus

108 1636 232 1709 iudicio,
263 1655 322 1715 quo
353 1635 502 1697 sciliceta
526 1636 611 1697 nobis
633 1637 735 1697 saltem
758 1645 791 1697 ut
813 1654 900 1698 suum
923 1636 1033 1716 cuique
1055 1637 1183 1713 dabitur,

108 1723 151 1782 sic
173 1722 304 1783 Senecae
329 1723 517 1800 Agamemno.

194 1905 226 1968 28)
243 1905 329 1956 omnia
346 1908 476 1971 comperta
494 1909 554 1955 sunt
572 1904 692 1971 Peipero,
709 1905 781 1956 cuius
798 1901 1036 1972 povoodomiieoerc
1056 1912 1087 1956 ut
1103 1905 1183 1972 plera·

108 1990 158 2040 que
180 1988 232 2025 non
256 1978 400 2039 tangerem,
424 1971 472 2023 nisi
495 1972 579 2038 suppl.
603 1972 682 2038 praef.
704 1988 731 2039 p.
748 1975 781 2025 32
805 1987 843 2038 sq.
866 1978 978 2023 narraret
997 1973 1026 2024 in
1047 1973 1184 2041 Agamem·

108 2056 175 2092 none
195 2043 220 2091 et
237 2039 344 2092 llercule
362 2038 457 2091 Oetaeo
471 2035 587 2106 ‘prorsus
605 2039 669 2091 nihil
687 2055 718 2092 ex
734 2039 785 2092 illis
803 2055 830 2092 se
848 2039 965 2106 potuisse
982 2039 1100 2106 prolerre
1117 2040 1184 2111 qnod

108 2108 295 2175 quodammodo
313 2106 345 2158 ad
363 2123 416 2159 rem
433 2108 561 2173 publicam
579 2108 707 2175 pertinere
724 2107 804 2159 videri
817 2111 907 2174 posset
918 2108 973 2160 sive
984 2107 1183 2162 Neronecesive

108 2176 256 2242 posterioris
274 2169 380 2226 aetatis?
418 2175 487 2241 quod
506 2191 552 2226 nos
571 2175 673 2242 quidem
689 2175 763 2227 facile
781 2175 953 2238 concedimus,
971 2191 1022 2227 nou
1041 2174 1116 2243 plura
1134 2177 1183 2230 sci·

107 2243 167 2294 licet
186 2258 261 2310 quam
279 2259 311 2294 ex
328 2243 380 2293 ulla
398 2243 528 2309 tragoedia
547 2242 667 2296 Senecae.
696 2250 723 2294 at
740 2259 797 2294 eum
818 2243 912 2296 adiciet
928 2244 972 2294 illc
987 2259 1016 2296 re
1031 2245 1184 2298 coniecturis

109 2311 162 2362 suis
180 2311 211 2362 de
229 2309 416 2376 tragoediarum
434 2318 536 2363 auctore
554 2327 605 2363 non
623 2312 743 2378 exiguum
754 2312 838 2378 parari
846 2311 998 2377 subsidium,
1014 2311 1100 2365 dicam
1114 2312 1184 2380 quod

109 2378 205 2430 sentio:
224 2379 342 2429 nimirum
360 2378 408 2430 nisi
425 2384 543 2447 putasset
552 2379 675 2447 Peiperus
688 2381 904 2446 Agamemnonem
922 2396 974 2433 non
987 2394 1045 2433 esse
1060 2379 1183 2434 aSenect

109 2447 237 2512 scriptam,
255 2446 319 2498 haec
337 2461 359 2497 e.
378 2462 402 2513 g.
420 2446 567 2512 protulisset
586 2447 661 2499 etad
680 2446 810 2499 Octaviam
829 2448 955 2514 pertinere
974 2447 1141 2502 coniecisset:

236 2530 260 2565 v.
281 2517 331 2566 264
350 2513 393 2564 lea
412 2515 468 2565 alia
484 2516 552 2566 solio
571 2522 616 2580 est,
636 2515 691 2566 clia
708 2521 815 2580 privato
834 2519 863 2565 in
883 2521 948 2566 toro.

279 2583 328 2634 279
347 2583 414 2647 quid
430 2585 540 2634 dococta
554 2585 667 2650 prodest
683 2588 738 2633 cite
756 2586 862 2648 flagitio
881 2589 1008 2636 oucaml.

346 2653 394 2700 udi
410 2652 533 2703 dominus
551 2653 609 2702 odet
626 2652 658 2714 fil
674 2669 779 2716 nocens,
796 2668 852 2703 non
869 2656 1021 2717 permitur.

278 2719 328 2770 282
345 2735 399 2769 nora
418 2719 485 2770 dant
502 2723 603 2770 exitum
619 2719 623 2781 Ι
638 2721 754 2785 repudia
771 2736 874 2785 regum,

108 2792 134 2836 et
152 2785 217 2835 hanc
234 2785 390 2852 tragoediam
410 2787 582 2840 contendisset
600 2787 755 2840 cossltlario
774 2787 847 2839 Celso
866 2788 893 2838 L.
904 2787 991 2839 Asinio
1010 2786 1086 2839 Gallo
1104 2786 1183 2855 scrip⁴

108 2858 160 2903 tam
180 2866 244 2904 esse.
271 2852 335 2904 adeo
354 2855 420 2906 enim
436 2870 611 2922 quaecumque
623 2855 667 2907 ille
680 2855 711 2906 de
724 2855 912 2923 tragoediarum
925 2860 1009 2907 aetate
1023 2859 1179 2909 commentos

106 2926 147 2971 est
165 2921 261 2971 somnia
280 2929 339 2975 sunt
357 2937 491 2990 nugaeque
509 2939 600 2975 merce
