2580 4366
566 236 605 277 na
626 235 755 278 ocravm.
1152 224 1193 287 45

209 382 247 444 ita
268 383 305 444 ad
328 383 525 458 Octaviam
547 384 625 445 ultro
642 385 734 446 ‘delati
757 404 870 447 sumus.
915 394 945 447 et
965 405 1036 448 sane
1057 387 1194 466 iniquum

110 463 216 543 foret,
244 469 270 529 si
298 487 337 529 ne
364 468 485 530 dimissa
512 469 630 547 quidem
658 470 786 549 genuina
808 470 891 550 prole
914 471 1021 532 notbae
1043 472 1196 551 paulisper

108 568 302 614 vamremus.
347 561 435 632 atque
456 570 525 613 cum
549 571 609 614 uno
631 554 667 615 de
689 555 771 616 fonte
792 556 975 616 manaverint
996 554 1064 616 libri
1086 557 1195 636 quibus

108 635 234 698 utimur
262 655 382 713 omnes,
409 645 445 698 ut
472 637 497 698 si
520 637 572 717 qui
593 644 710 718 praeter
730 640 913 719 corruptelas
934 640 1061 719 tempori
1083 641 1196 702 adscri-

107 721 235 781 bendas
257 722 379 801 propria
394 722 485 784 multa
501 740 572 801 prae
586 741 619 784 se
635 723 739 798 lerant,
760 742 792 784 ea
806 724 1043 804 interpolationis
1058 734 1195 806 suspecta

107 805 193 879 sint,
208 812 307 867 tamen
322 815 437 868 certum
451 806 540 867 babui
553 807 688 869 Octaviae
703 807 819 869 codices
834 827 896 869 non
911 809 981 870 satis
996 809 1106 871 multos
1122 829 1194 871 con·

108 888 195 950 ferri
216 908 321 970 posse;
350 891 381 952 in
402 890 530 952 fabulam
553 891 693 953 nimirum
716 893 802 953 cuius
817 894 885 953 'non
908 901 986 954 extat
1007 895 1098 955 codex
1126 902 1195 956 ante

106 973 188 1035 ΣΝ
216 974 369 1037 saeculum
397 975 527 1055 scriptus
551 975 646 1038 bonae
668 977 763 1055 frugis
785 975 894 1056 aliquid
917 977 1125 1057 undecumque
1146 997 1194 1040 re·

112 1058 256 1121 dundare
277 1060 398 1140 poterit.
426 1060 527 1140 itaque
541 1079 609 1121 cum
624 1063 748 1122 maxime
763 1062 794 1123 in
810 1060 891 1123 ltalia
905 1061 1088 1142 undeviginti
1102 1062 1195 1124 libros

112 1150 202 1204 totos
224 1144 412 1220 contulerim,
435 1163 470 1206 ex
492 1145 556 1206 aliis
579 1163 654 1224 quae
675 1165 692 1206 e
713 1164 746 1207 re
766 1145 826 1206 visa
843 1147 904 1207 sint
918 1147 1125 1227 excerpserim
1147 1148 1195 1209 in·

114 1234 243 1304 gentem
256 1229 401 1292 variarum
416 1229 577 1292 lectionum
593 1231 707 1309 copiam
723 1231 876 1310 congess13
899 1249 986 1310 quam
1003 1240 1117 1294 tantum
1133 1250 1195 1296 non

115 1328 242 1374 omnem
269 1314 300 1375 in
329 1313 449 1375 scriniis
475 1316 550 1376 meis
578 1315 728 1394 sepultum
750 1315 787 1376 iri
808 1332 983 1394 persuasum
1005 1316 1120 1378 babeas.
1165 1324 1197 1378 at

118 1403 205 1458 certe
226 1416 308 1460 nunc
329 1398 400 1477 quid
422 1399 586 1477 antiquitus
608 1400 747 1461 traditum
769 1401 840 1480 quid
861 1401 1072 1480 interpolatum
1093 1401 1196 1462 sitris

120 1497 249 1560 amquam
270 1483 381 1563 poterit
401 1482 526 1544 dubium
548 1503 622 1544 esse.
655 1484 773 1546 interim
790 1504 827 1546 ne
842 1486 945 1546 credas
959 1503 1083 1565 prorsus
1097 1484 1196 1548 inutili

122 1581 179 1625 nte
195 1584 301 1646 operae
322 1575 366 1628 tot
380 1567 470 1630 boras
484 1569 674 1648 impendisse,
696 1569 728 1629 in
743 1588 805 1631 uno
820 1571 947 1632 alterove
962 1569 1028 1631 loco
1044 1570 1201 1631 ostendam·

129 1649 257 1725 pruine
277 1651 375 1714 adbuc
397 1652 433 1712 de
450 1661 646 1732 praetextatae
667 1653 747 1714 illius
761 1654 888 1715 lectione
903 1655 970 1714 novi
985 1654 1095 1734 aliquid
1111 1654 1195 1715 disci.

207 1735 246 1796 ad
261 1734 327 1798 Oct.
342 1755 368 1796 v.
387 1738 447 1800 173
464 1736 497 1799 G.
513 1737 665 1799 Fabricius
680 1738 737 1799 boc
752 1739 912 1800 adnotavit:
932 1733 982 1798 ‘in
996 1737 1072 1799 libro
1087 1738 1196 1816 Regio*

132 1819 257 1881 montani
278 1828 348 1900 post
369 1821 451 1882 bunc
472 1840 589 1883 versum
611 1823 684 1883 haec
706 1821 791 1883 verba
806 1822 842 1883 ad
863 1821 1026 1900 marginem
1049 1822 1197 1901 adscripta

137 1910 225 1967 mant:
251 1903 297 1966 laic
319 1907 418 1968 desum
440 1910 560 1985 triginta
582 1925 696 1979 omaus,
725 1908 878 1969 secuudum
899 1904 1026 1986 aliquem
1054 1907 1102 1967 aed
1122 1904 1199 1967 mabil

142 1984 216 2049 &aaa
235 1984 335 2052 credo'.
372 1989 404 2051 in
427 1991 533 2051 ceteris
548 1990 631 2052 libris
646 1991 741 2053 adbuc
756 1992 834 2053 notis
848 1990 990 2051 omnibus
1003 1991 1197 2068 conloquium

145 2068 197 2132 sine
213 2073 334 2135 lacunae
356 2075 479 2153 vestigio
501 2075 646 2136 decurrit:

266 2158 372 2220 Nutrix
393 2194 436 2204 -
457 2160 638 2240 membraque
657 2158 845 2236 (Britannici)
867 2169 893 2220 et
914 2158 1011 2221 uultus
1032 2161 1081 2222 deo

193 2243 246 2306 173
267 2241 374 2305 similas
395 2243 506 2306 volema·
524 2244 657 2324 [umbria
677 2245 798 2322 [tamem
822 2244 939 2306 obstulit

268 2327 335 2389 Oct.
357 2333 508 2407 coaequa:
528 2341 555 2391 et
574 2348 629 2402 me,
652 2347 680 2389 se
700 2346 790 2389 mareu
811 2340 910 2390 :rostra
930 2330 1020 2391 cudat.

267 2411 304 2472 N.
355 2424 463 2474 recturo
484 2431 543 2475 moa
564 2418 640 2474 vires
661 2414 736 2474 dedit
758 2423 853 2473 tantm
874 2412 928 2474 tibi
948 2432 973 2473 e.
989 2431 1017 2492 q.
1033 2432 1058 2473 s.

155 2494 227 2556 buren
254 2496 406 2558 codicibus
433 2516 496 2559 non
523 2498 625 2578 paucis
652 2497 782 2558 iacturae
809 2498 950 2559 memoria
971 2497 1057 2559 inest.
1101 2497 1197 2558 sicin
1281 2520 1284 2524 “

155 2577 463 2645 od.1nbr0s.lt17
492 2582 545 2642 ini.
574 2584 630 2654 (41
650 2600 690 2642 m.
717 2583 809 2656 1380)
839 2589 907 2660 post
934 2601 959 2641 v.
986 2585 1045 2645 173
1073 2600 1198 2643 vacuum

156 2659 263 2726 uicum
284 2674 330 2727 est
351 2666 477 2745 spatium
499 2666 593 2727 XXXI
614 2685 752 2728 versuum
773 2681 803 2726 et
818 2666 941 2726 cursivis
955 2666 1061 2728 litteris
1075 2667 1199 2740 (scholia

156 2751 286 2812 etruriam
307 2751 466 2811 lectionem
488 2769 543 2830 per
565 2760 662 2812 totum
680 2751 790 2811 librum
812 2752 905 2829 prima
928 2769 1034 2811 manus
1052 2751 1199 2812 addidisse

156 2825 253 2910 imur)
274 2835 460 2898 adnotatum:
483 2836 528 2897 bic
550 2836 685 2916 deficiunt
699 2834 779 2895 XXX
794 2853 893 2896 omme
913 2836 1067 2898 comiadum
1089 2836 1200 2918 aliquos

155 2919 238 2982 arm
258 2924 404 2982 intermisi
424 2925 558 3000 spatium.
588 2921 658 2980 item
681 2920 712 2980 in
734 2920 822 2980 baur.
839 2921 890 2995 37,
906 2922 925 2982 9
941 2938 1047 2982 vacuos
1062 2920 1200 2982 librarius

156 2990 224 3063 Xle
248 3023 352 3066 versus
381 3004 517 3085 reliquit,
546 3005 597 3065 sed
624 3005 696 3065 nibil
717 3003 876 3066 adnotavit.
905 3013 1022 3066 contra
1044 3005 1074 3065 in
1098 3005 1200 3067 codice

157 3076 177 3140 S·
194 3085 287 3149 Crucis
309 3090 361 3151 24.
389 3091 446 3149 sin.
470 3093 489 3152 4
515 3098 584 3168 post
605 3108 629 3150 v.
656 3091 715 3152 178
739 3107 799 3149 non
824 3090 945 3169 expletis
967 3089 1045 3150 XXX
1066 3089 1200 3150 versibus

157 3172 259 3233 secunda
286 3190 393 3234 manus
421 3174 452 3234 in
481 3174 614 3251 margine
638 3173 811 3254 adscripsit:
838 3173 913 3234 mod
933 3174 1027 3254 deficit
1046 3174 1200 3234 secuudum

158 3258 267 3334 1triplum
290 3255 429 3337 Na'eboloy
450 3259 484 3320 de
504 3269 625 3337 truquet.
669 3276 729 3336 quo
754 3258 923 3320 indicantur
944 3257 1145 3319 commentarii
1168 3257 1199 3317 in

159 3329 259 3403 Senecae
273 3343 438 3421 tragoedias
448 3342 560 3405 Nicolai
579 3343 677 3404 fratris
688 3343 804 3420 Anglici
813 3345 849 3418 ³),
864 3342 951 3403 modo
963 3342 1097 3414 marem,
1112 3341 1200 3403 modo

159 3415 279 3486 lltravetb
308 3427 327 3488 i.
351 3444 377 3487 e.
403 3427 442 3488 ab
464 3428 588 3489 'laaretb
617 3427 718 3506 (Neap.
743 3427 780 3487 tv
808 3428 927 3499 1147),
956 3425 1044 3486 modo
1066 3426 1200 3489 Travetta

160 3499 233 3570 (loth.
253 3513 291 3574 51
317 3510 355 3572 ci.
374 3510 424 3571 ΒΡ
445 3513 537 3592 praei.
560 3531 590 3592 p.
606 3511 708 3573 XXXV
730 3513 821 3587 adn.)‚
842 3511 930 3571 modo
953 3510 1080 3572 Creuetb
1096 3511 1199 3584 (Vatic.

163 3583 232 3678 ibid)
253 3595 426 3674 nuncupati,
449 3598 500 3676 qui
522 3597 554 3658 in
576 3597 676 3659 multis
699 3596 781 3657 libris
799 3595 908 3657 servati
922 3604 993 3659 sunt
1007 3605 1037 3658 et
1050 3597 1081 3658 in
1097 3596 1201 3658 verbo·

161 3673 250 3738 asino
271 3680 490 3759 paraphraseon
505 3681 616 3743 ambitu
630 3680 820 3743 memorabile
836 3679 910 3743 nibil
924 3683 1088 3743 continent.
1121 3681 1201 3742 illius

164 3755 221 3818 enim
245 3765 372 3825 codicem
400 3764 524 3828 lacunae
552 3785 612 3827 non
639 3767 743 3827 tulisse
770 3765 924 3844 vestigium
953 3767 1045 3827 codex
1072 3765 1203 3844 Reginae

163 3865 337 3890 N·—

230 3941 247 4008 )
262 3943 295 3997 de
310 3960 363 4013 qno
380 3945 413 3999 ci.
431 3945 546 4000 darsiani
563 3949 643 4016 praei.
660 3948 688 3999 in
705 3947 827 4002 Senecam
844 3953 942 4018 patrem
959 3963 986 4018 p.
998 3947 1062 4001 Vlll.
