2580 4366
407 275 408 279 ,
513 233 686 276 desumere
770 231 774 237 ’

62 408 108 447 su.
188 383 250 444 Nisi
272 384 349 445 torte
370 383 465 458 fallor,
487 385 613 446 seminas
634 386 745 446 serrum
769 386 861 449 decet.

60 491 142 532 eurr.
189 469 225 529 Et
247 487 312 530 esse
335 469 456 530 demens
477 478 507 531 te
529 488 630 548 parem
653 470 741 531 nobis
762 469 871 549 putas‘l

62 578 108 617 nu.
188 550 301 614 Vobis?
335 555 402 633 qhis
424 554 480 616 iste
503 564 548 616 est
570 554 643 616 alter
664 556 866 634 Agamemnon
889 554 982 618 tuus?

64 652 95 703 ut
116 640 201 700 vidua
225 640 363 718 loquere:
387 639 432 698 vir
454 650 532 702 earet
554 640 611 700 vita
632 648 712 703 tuus.

63 745 143 787 cuir.
187 723 331 784 Indomita
354 725 478 803 posthac
499 725 622 804 virginis
644 725 729 786 verba
752 724 864 804 impiae
997 802 1000 805 μ

63 813 163 889 regina
186 810 335 886 frangam3
360 809 446 871 citius
462 811 581 871 interea
603 810 676 871 mihi
1090 823 1136 874 uto

63 897 191 957 edissere
214 894 324 955 ubisit
346 903 442 969 natus,
465 895 515 958 ubi
537 895 628 958 frater
648 903 728 956 tuus,

62 1002 109 1042 nn.
190 979 277 1041 lintre
300 979 447 1058 Mycenas.
492 998 573 1040 eurr.
616 979 717 1041 Redde
739 998 821 1041 nuuc
844 988 945 1042 natum
968 981 1050 1042 mihi.

63 1086 108 1127 nn.
188 1063 227 1124 Et
248 1074 280 1125 tu
303 1074 457 1143 parentem
480 1066 578 1127 redde.
622 1083 703 1126 eurr.
747 1065 813 1136 Quo
835 1064 928 1126 latitat
950 1065 1041 1142 loco?

63 1171 109 1212 nu.
190 1149 266 1210 Tuto
290 1149 419 1227 quietus,
442 1169 532 1229 regna
555 1170 617 1213 non
639 1159 775 1212 metuens
799 1168 888 1211 noea:

63 1237 157 1296 iustae
179 1234 294 1314 parenti
317 1236 395 1296 satis.
441 1254 522 1296 eurr.
566 1238 605 1298 tt
625 1235 715 1297 iratae
735 1253 850 1316 parum.
1091 1248 1138 1299 tud

64 1319 199 1380 morieris
221 1319 317 1379 hodie.
361 1340 408 1380 nn.
452 1321 618 1382 Dummodo
640 1321 697 1381 hac
716 1321 827 1383 moriar
849 1340 947 1384 manu.

63 1405 169 1466 recedo
190 1392 229 1465 lt
252 1404 321 1464 aris.
366 1407 425 1466 sive
449 1416 476 1467 te
498 1406 600 1484 iugulo
622 1407 703 1467 iuvat

55 1489 208 1554 'mersisse
223 1490 345 1564 ferrum,
368 1490 495 1568 praebeo
517 1491 652 1568 iugulum
674 1490 745 1565 tihi;

64 1594 117 1635 seu
140 1593 221 1635 more
243 1575 391 1652 pecudum
415 1575 488 1636 colla
512 1575 637 1636 resecari
661 1574 766 1654 placet,

64 1661 176 1720 intenta
199 1659 295 1720 cervix
317 1659 424 1719 vulnus
447 1668 581 1740 expectat
601 1670 696 1721 tuum.

63 1744 161 1805 scelus
184 1753 317 1823 paratum
341 1752 399 1804 est:
425 1745 512 1806 caede
534 1756 701 1824 respersam
723 1744 778 1804 viri

63 1840 152 1908 atque
174 1828 335 1889 obsoletam
357 1829 502 1907 sanguine
525 1831 583 1890 hoe
605 1829 735 1890 dextram
757 1827 852 1890 ablue.

64 1935 145 1975 eurr.
191 1912 321 1974 Consors
342 1913 445 1992 pericli
468 1915 578 1993 pariter
600 1932 634 1974 ac
656 1913 740 1992 regni
762 1913 831 1988 mei,

65 2000 213 2077 Aegistho,
237 1997 369 2076 gradere.
415 2007 481 2060 nata
504 1998 682 2077 genetricem
706 1997 796 2078 impie

64 2085 183 2164 probris
205 2083 330 2158 lacessit,
353 2083 464 2144 occulit
484 2084 602 2145 fratrem
627 2084 766 2146 abditum.

357 2234 568 2298 luulsruvs

22 2395 26 2408 ,
152 2337 322 2398 Furibunda
345 2337 437 2416 virgo,
461 2339 540 2400 vocis
563 2338 698 2400 infandae
722 2357 827 2400 sonum

67 2432 96 2485 et
118 2440 188 2483 aure
209 2422 297 2482 verba
319 2422 440 2502 indigna
463 2433 594 2484 materna
617 2422 761 2503 opprime.

67 2529 113 2570 nn.
195 2507 287 2568 Etiam
311 2507 444 2569 monebit
466 2507 585 2570 sceleris
608 2507 719 2569 infandi
743 2509 857 2584 artifex,

67 2611 122 2674 per
144 2592 254 2653 scelera
278 2601 373 2666 natus,
397 2612 505 2654 nornen
529 2594 698 2672 ambiguum
721 2594 793 2671 suis,

68 2679 144 2738 idem
168 2676 278 2737 sororis
301 2686 386 2739 natus
409 2689 438 2739 et
459 2679 551 2758 patris
574 2675 691 2758 nepos‘l

68 2781 148 2823 eurr.
195 2762 343 2840 Aegisthe‚
367 2781 464 2823 cessas
487 2763 610 2843 impium
631 2764 711 2823 lerro
734 2774 822 2841 caput

68 2844 238 2908 demetere?
271 2848 391 2908 fratrem
414 2847 516 2908 reddat
538 2857 587 2908 aut
608 2848 735 2908 animam
757 2849 863 2909 statim.

69 2951 134 2992 nne.
197 2931 336 2992 Abstrusa
360 2950 447 2993 caeco
471 2949 588 2993 carcere
612 2942 640 2993 et
663 2949 732 2992 saxo
755 2932 851 3010 exigat

68 3034 180 3090 aevum,
205 3024 233 3076 et
255 3035 309 3095 per
331 3035 435 3077 omnes
457 3025 532 3077 torta
556 3034 720 3096 poenarum
742 3017 850 3077 modos·

68 3101 180 3161 referre
203 3119 291 3179 quem
315 3120 395 3162 nunc
418 3101 527 3163 occulit
549 3103 648 3162 l'orsau
671 3101 757 3162 volet.

68 3187 156 3265 inops
179 3205 271 3264 egens
293 3185 417 3260 inclusa,
440 3187 567 3266 paedore
590 3187 705 3259 obruta,

67 3270 153 3330 vidua
177 3279 244 3331 ante
267 3271 419 3343 thalamos,
443 3272 520 3344 exul,
544 3272 636 3333 invisa
658 3271 797 3332 omnihus

69 3356 187 3417 aethere
210 3366 315 3432 negato
339 3375 406 3416 sero
428 3356 604 3417 subcumbet
625 3355 718 3417 malis.

69 3493 94 3498 .--
98 3493 272 3500 —--—..-.

155 3558 204 3608 969
231 3556 298 3606 niA
367 3558 415 3608 962
435 3556 559 3608 nohisA.
582 3585 616 3594 -
641 3569 782 3621 agamenon
801 3555 825 3604 Ε
901 3557 1029 3618 eoeperit
1050 3555 1142 3607 node

70 3624 171 3688 legitur·
188 3624 220 3674 A.
239 3653 272 3661 -
291 3628 318 3674 tu
337 3624 427 3688 vid&
488 3627 538 3676 964
556 3628 616 3691 post
634 3623 739 3675 haecA
802 3625 850 3674 967
871 3622 1027 3675 extitM.A
1093 3625 1142 3676 970

69 3706 125 3742 eur.
144 3691 194 3743 dixi
214 3707 238 3756 p.
256 3707 275 3743 s.
295 3707 318 3743 a.
337 3692 352 3742 i.
371 3707 396 3757 p.
414 3691 439 3742 Ε
456 3692 501 3758 (ef.
510 3692 531 3756 1,
544 3694 571 3755 5)
591 3697 661 3743 totus
679 3707 769 3742 verene
783 3691 908 3742 Electrae
926 3695 1100 3743 continuetur
1118 3693 1144 3743 A

70 3763 191 3809 cerrenit
208 3759 320 3810 Bothz'us
406 3762 456 3813 973
479 3760 594 3827 iugulum
616 3759 706 3812 volens
724 3761 749 3809 A
840 3762 889 3811 976
908 3764 1039 3826 peractum
1063 3764 1102 3813 est
1118 3762 1144 3812 A

69 3829 120 3879 979
139 3829 169 3878 Α.
193 3827 289 3892 gaudes
307 3830 340 3879 A.
364 3856 397 3865 -
421 3832 523 3894 gnatam
542 3827 689 3895 genitricem
710 3828 733 3878 Ε
820 3830 870 3880 989
888 3827 945 3880 abd.
971 3827 1000 3880 lr.
1019 3828 1101 3880 occul.
1119 3830 1144 3880 A

69 3896 206 3947 088-993
226 3894 451 3961 Clytaemestrae
469 3899 665 3947 contiriuoutur
683 3898 707 3946 A
766 3898 817 3948 989
835 3902 861 3947 et
879 3911 928 3948 om.
948 3898 971 3946 A
1023 3899 1073 3950 999
1091 3897 1144 3949 tor-

69 3977 124 4014 sam
144 3961 169 4011 E
238 3965 285 4016 991
305 3964 476 4029 pobsitaA
