2580 4366
107 220 126 286 8
415 238 453 280 nn
475 236 668 280 onenasnums
689 235 867 279 7777777777.

106 389 149 450 sic
163 388 231 449 libri
252 388 388 467 vulgares
409 398 489 450 recte
512 406 578 448 cum
594 385 643 459 M,
636 386 738 448 dulce
757 397 911 449 moerentes
925 405 1074 450 resonares
1087 399 1183 489 pentes

106 475 133 535 Ε
152 474 232 535 dulce
246 473 376 536 1777777777
391 484 416 534 ot
430 483 585 534 monentes
599 490 732 533 resonare
745 482 841 551 pentes
863 472 899 532 N.

149 577 250 655 Agam.
270 575 328 638 173
352 573 433 634 dalis
447 572 515 634 ΑΜ
527 573 583 635 olto
599 573 663 633 ΕΜ
671 593 698 633 7.
716 573 735 633 7.
764 573 844 634 Antis
862 574 974 635 77777111.

269 661 328 723 597
352 677 401 719 ors
416 662 495 719 cessit
509 658 594 718 moles
608 658 693 717 ΕΜ
680 677 712 718 tn
727 663 838 743 mopnis
853 659 937 719 777777
952 658 1012 720 ΑΜ
1023 680 1051 720 o.
1068 661 1087 720 7.

354 761 402 804 ors
417 747 448 803 717
462 761 576 820 neopnts
589 742 674 803 7777777
689 742 725 802 N.

268 831 325 890 551
348 827 520 908 pepulerunt
532 829 625 905 9777177
640 826 667 886 Ε
680 832 727 898 (77
744 829 816 902 549)
831 832 909 888 mitte·
922 829 1039 890 deutero
1054 830 1078 889 Α

352 916 431 973 mitto
444 913 546 973 71777777
560 914 653 991 produ
668 911 745 971 MN.

199 1008 252 1069 777
270 1011 331 1073 777
355 1011 437 1071 anet
451 1009 569 1088 epona
583 1007 776 1089 rapotone
791 1008 829 1068 77.

106 1107 153 1167 1717
168 1106 310 1185 exemplis
326 1105 396 1167 satis
412 1113 548 1167 constare
571 1106 669 1181 credo,
692 1105 886 1189 cpmparanda
907 1107 1032 1168 duorum
1056 1126 1183 1188 apogra·

106 1191 235 1271 phorum
253 1191 380 1253 lectione
402 1189 532 1251 codicem
555 1189 746 1270 archetypum
769 1191 807 1251 177
831 1191 955 1265 77771771,
979 1202 1012 1252 ut
1034 1211 1072 1253 ne
1095 1193 1182 1255 intri-

107 1275 266 1336 catioribus
281 1276 400 1355 quidem
417 1275 488 1336 locis
504 1273 628 1336 dubitari
651 1275 754 1354 possit,
778 1273 848 1352 quid
871 1275 901 1335 in
925 1277 1075 1337 communi
1098 1278 1182 1339 fonte

106 1360 243 1421 extiterit
282 1361 412 1421 codicem
427 1361 456 1420 Σ
468 1367 565 1421 autem
587 1359 657 1419 olim
679 1359 919 1455 comprobaret
892 1361 991 1420 studui
1013 1380 1048 1421 77
1063 1361 1183 1423 Etrusci

108 1445 267 1524 archetypo
282 1453 311 1505 et
325 1445 423 1524 ipsum
439 1443 578 1523 pendere
612 1462 669 1522 qua
685 1444 720 1503 de
735 1462 768 1504 77
786 1445 909 1523 primam
930 1445 1002 1505 mibi
1024 1447 1183 1509 dubitatio·

107 1547 175 1590 nem
190 1529 293 1589 iniecit
307 1529 425 1589 Etrusci
441 1547 509 1589 cum
523 1528 596 1588 illo'
589 1547 620 1588 m
636 1528 842 1589 minutissimis
858 1548 977 1608 quoque
996 1522 1086 1592 rebu's
1109 1551 1182 1593 con·

106 1631 213 1674 sensus
228 1613 320 1674 multo
342 1613 527 1692 frequentior
548 1630 634 1690 quam
659 1631 693 1672 77
716 1612 833 1692 Peiperi
857 1621 885 1674 et
900 1613 1030 1675 Richteri
1053 1616 1183 1678 editione

107 1698 247 1778 cognosci
269 1705 385 1778 poterat
406 1697 518 1758 771777
536 1703 685 1758 constans.
715 1715 803 1776 quem
817 1704 915 1758 tamen
935 1699 970 1758 ad
992 1718 1182 1762 communem
1210 1711 1213 1716 '

108 1800 229 1863 quoque
245 1783 389 1862 originem
404 1783 581 1862 plerumque
597 1781 700 1842 7717771
720 1800 808 1861 posse
825 1790 919 1862 patet,
940 1802 1120 1864 quamquam
1135 1804 1182 1846 re-

107 1867 257 1929 stituendo
273 1867 431 1947 exemplari
447 1867 563 1933 eisdem¹
573 1867 680 1946 quibus
695 1866 840 1928 Etruscus
857 1866 934 1928 vitiis
956 1877 1086 1930 scatente
1108 1870 1182 1931 nibil

107 1951 251 2014 iuvamur.
285 1953 407 2013 omnino
423 1960 520 2013 autem
537 1950 572 2011 de
587 1959 645 2012 tam
662 1950 818 2011 subtilibus
833 1969 889 2012 nec
907 1970 973 2012 raro
989 1954 1135 2033 ambiguis
1150 1956 1181 2016 in

107 2036 163 2097 bac
177 2038 350 2116 quaestione
365 2036 522 2097 momentis
538 2033 643 2115 agitur,
664 2044 698 2096 ut
719 2035 892 2114 explicatius
915 2039 1165 2137 exponendum'
1139 2059 1182 2100 vr·

107 2121 211 2181 deatur
230 2138 288 2199 qua
309 2121 422 2182 ratione
444 2119 561 2181 Etrusci
587 2119 729 2198 gemellus
750 2118 785 2180 ab
808 2120 937 2181 eiusdem
960 2125 1104 2201 progenie
1120 2124 1182 2186 dis·

108 2205 189 2266 cerni
208 2213 304 2283 queat

192 2296 280 2367 atque
294 2289 446 2351 universas
462 2287 614 2350 codicis}
614 2287 698 2362 ‚sive
712 2290 803 2351 mavis
818 2288 953 2351 codicum
969 2288 1004 2350 Μ
1016 2299 1045 2351 77
1059 2290 1111 2352 Μ’
1103 2300 1184 2353 mter

107 2393 140 2436 se
151 2381 386 2454 comparatorum
399 2373 572 2452 scripturas,
585 2389 668 2434 77777
679 2372 837 2455 falsasque,
853 2374 891 2434 ita
904 2373 1061 2454 disponere
1073 2394 1183 2457 possu-

107 2477 183 2534 7777,
206 2467 239 2520 ut
253 2459 382 2538 primum
398 2459 433 2519 de
450 2457 560 2518 codicis
574 2460 603 2518 Σ
616 2475 683 2517 oum
699 2458 727 2518 Ε
745 2459 895 2534 contrad,
918 2458 1022 2520 deinde
1044 2460 1080 2521 de
1101 2460 1183 2523 eius-

107 2544 172 2606 dem
195 2562 262 2604 cum
283 2543 468 2605 AcontraE
487 2560 651 2617 consensu,
673 2542 801 2624 denique
822 2542 857 2603 de
877 2545 1006 2624 propriis
1028 2545 1139 2607 codicis
1156 2549 1185 2608 Σ

107 2627 262 2708 scripturis
277 2639 406 2706 agamus.
439 2627 569 2707 primum
584 2626 676 2706 igitur
690 2645 765 2705 qnae
780 2646 846 2690 cum
862 2626 1069 2690 Ecommnnia
1093 2631 1184 2693 babet

105 2714 167 2774 1777
184 2713 281 2773 omnia
302 2712 337 2772 ad
359 2730 546 2773 communem
569 2711 681 2772 iontem
702 2714 805 2775 referri
826 2731 914 2791 posse
936 2714 1071 2789 diximus,
1094 2716 1183 2778 etiam

95 2797 300 2858 ‘minutissima
315 2815 461 2876 quaeque,
477 2806 511 2858 ut
524 2795 601 2857 Med.
615 2797 675 2860 853
691 2810 817 2860 coecatus
832 2815 886 2878 pro
902 2802 1012 2871 citatas,
1031 2800 1092 2863 865
1107 2819 1184 2880 pon-

107 2886 220 2944 te'cicunt
236 2900 290 2962 pro
304 2885 492 2962 ponpoticnno,
513 2882 575 2944 969
591 2881 749 2963 relinquere
763 2901 819 2963 pro
834 2883 962 2963 relinque
976 2893 1010 2953 ot,
1031 2884 1076 2946 vel
1091 2903 1182 2963 quam

104 2966 230 3029 maxime
242 2967 373 3047 propria,
390 2973 422 3027 ut
434 2967 464 3027 in
476 2965 610 3026 versibus
622 2965 831 3028 distribuendis
844 2985 960 3030 errores
973 2967 1046 3030 Oed.
1059 2972 1122 3032 474
1135 2989 1182 3050 sq.

105 3050 175 3114 Tro.
192 3052 254 3114 492
271 3057 300 3112 77
315 3050 430 3112 similia.
463 3050 541 3112 idem
564 3051 599 3111 de
621 3051 663 3111 eis
684 3069 804 3131 quoque
826 3053 965 3113 contendi
985 3060 1084 3133 potest
1104 3073 1182 3134 quae

94 3156 142 3208 ex
163 3135 370 3216 corruptelis
362 3155 391 3197 m
414 3135 540 3197 Etrusco
562 3135 803 3215 comparentibus
824 3137 917 3216 magis
938 3138 1092 3218 depravata
1115 3158 1203 3210 7777Ι

106 3229 234 3297 77777177;
257 3227 291 3282 ut
311 3220 380 3283 Tro.
400 3223 458 3285 167
479 3222 557 3281 edoce
571 3218 600 3280 Ε
614 3229 641 3281 77
655 3218 719 3282 doce
734 3220 772 3279 Μ
788 3219 945 3300 (reduces).
983 3225 1060 3286 1011
1087 3223 1183 3286 77777777

105 3298 234 3368 Eiectos
248 3308 277 3367 Σ
291 3307 307 3385 (
308 3305 439 3386 17777777)
471 3307 549 3366 1121
512 3304 680 3366 2177777717
669 3308 730 3366 toton
745 3303 929 3368 Etnonntttno
946 3307 974 3368 N
989 3307 1181 3389 (tunulum).

104 3385 212 3451 Phaed.
229 3388 523 3472 28177777Ε71771711
540 3388 619 3469 fiilios
640 3387 676 3449 Μ
687 3388 853 3480 (Pblpens).
882 3389 954 3453 Oed.
973 3393 1034 3456 829
1051 3397 1180 3472 petitore

101 3514 132 3576 Ε
141 3519 271 3594 peratore
283 3515 318 3575 Μ
331 3516 481 3596 (petetur).
503 3515 579 3577 Μ771.
592 3517 654 3580 913
675 3509 787 3581 anitum
804 3519 954 3580 decatum
965 3519 997 3580 N
1009 3520 1180 3601 (7777717777).

105 3598 159 3660 ΗΟ
178 3599 259 3662 1098
278 3611 380 3678 porcat
394 3601 421 3661 Ε
428 3609 531 3681 ponent
545 3603 574 3662 Σ
587 3600 741 3680 (Portos).
777 3605 858 3667 1443
873 3605 1003 3682 osfleoot
1016 3604 1043 3664 Ε
1056 3606 1181 3683 osslontt

105 3682 301 3762 NofllnttM
315 3684 350 3762 (o
332 3685 483 3764 (7.77771777)
516 3686 958 3766 14481177Ε7717Σ7Η7177).
991 3689 1072 3752 1975
1096 3692 1182 3752 7177777

105 3767 161 3829 ΕΝ
180 3769 297 3830 7117777177
317 3766 352 3827 Μ
372 3769 489 3847 (docet).
533 3770 587 3831 alia
608 3789 678 3832 vero
699 3772 825 3833 eundem
845 3772 1020 3851 explicatum
1044 3792 1105 3834 non
1127 3777 1180 3836 ad·

103 3852 234 3914 mittunt.
260 3870 327 3914 nam
344 3863 425 3915 certo
436 3853 562 3930 quodam
575 3856 809 3935 corruptelarum
821 3875 930 3936 genere
942 3858 1060 3920 Etrusci
1075 3858 1179 3920 777177-

104 3946 207 4018 typum
223 3935 365 4000 discimus
380 3948 410 4000 77
423 3937 593 4000 maiusculis
608 3938 713 4002 litteris
729 3949 759 4001 et
775 3940 871 4003 verbis
892 3941 971 4005 inter
990 3960 1028 4004 se
1044 3943 1179 4006 nondum
