2580 4366
493 221 521 263 n.
537 222 643 265 anuum
656 220 784 289 spurcus

230 392 340 436 munus
355 373 424 434 dum
439 382 581 452 properat
594 392 733 449 cernere,
748 373 886 454 perdidit.

225 482 228 489 ·
316 459 397 530 Quae
412 457 489 519 vinci
504 459 601 537 potuit
615 459 695 539 regia
712 459 852 536 carmine,

230 545 304 605 haec
317 543 394 605 vinci
410 543 520 622 poterit
534 545 615 624 regia
629 544 750 607 viribus.

392 677 591 742 nnncvtns

178 789 215 852 0
232 789 309 852 lucis
324 790 415 851 almae
430 798 529 851 rector
544 798 574 851 et
588 789 660 852 caeli
676 789 778 868 decus,

106 877 157 956 qui
172 877 284 939 alterna
299 893 389 937 curru
405 875 500 955 spatia
512 875 687 936 flammifero
703 875 835 938 ambiens

105 962 230 1025 inlustre
246 961 312 1022 latis
328 961 423 1022 exeris
439 959 526 1023 terris
541 968 639 1040 capnt,

107 1048 151 1122 da,
167 1045 296 1122 Phoebe,
307 1045 433 1123 veniam,
448 1047 473 1108 si
489 1045 560 1125 quid
575 1045 721 1107 inlicitum
735 1046 779 1107 tui

106 1131 205 1193 videre
221 1131 333 1192 vultus:
350 1131 449 1192 iussus
464 1132 496 1192 in
510 1131 608 1192 lucem
624 1131 714 1193 extuli

106 1236 211 1279 arcana
226 1215 340 1277 mundi.
377 1223 481 1295 tuque,
497 1217 655 1278 caelestum
670 1215 780 1279 arbiter

106 1320 290 1383 parensque,
305 1300 385 1362 visus
399 1301 524 1362 fulmine
539 1301 676 1381 opposito
691 1310 776 1380 tege3

107 1394 136 1449 et
149 1395 199 1463 tu,
215 1385 346 1448 secundo
362 1387 453 1448 maria
468 1386 520 1466 qui
535 1394 652 1466 sceptro
668 1387 758 1467 regis,

106 1472 180 1534 imas
195 1478 264 1551 pete
278 1471 381 1532 undas.
420 1471 556 1551 quisquis
571 1490 606 1534 ex
620 1472 678 1533 olto
694 1472 799 1553 aspicit

107 1566 232 1628 terrena,
248 1555 323 1618 facie
337 1555 432 1636 pollui
446 1564 581 1618 metuens
596 1575 680 1631 nova,

107 1643 199 1715 aciem
215 1641 347 1703 reflectat
363 1659 474 1720 oraque
485 1641 516 1702 in
533 1642 645 1704 caelum
661 1643 755 1721 erigat

107 1734 245 1808 portenta
259 1726 392 1806 fugiens:
416 1727 474 1787 hoc
489 1728 572 1788 nefas
586 1736 711 1790 cernant
725 1727 793 1802 duo,

109 1814 160 1893 qui
175 1811 288 1874 advexit
303 1818 333 1872 et
348 1829 423 1890 quae
437 1812 533 1873 iussit.
564 1813 594 1872 in
610 1831 723 1892 poenas
737 1831 817 1874 meas

108 1906 197 1978 atque
212 1898 242 1958 in
258 1895 374 1958 labores
390 1915 451 1958 non
467 1897 537 1958 satis
551 1904 647 1959 terrae
660 1905 764 1976 patent

107 1983 232 2044 lunonis
248 1981 329 2042 odio:
346 1980 404 2042 vidi
419 1981 569 2044 inaccessa
584 1981 733 2057 omnibus,

109 2068 209 2145 ignota
224 2066 344 2128 Phoebo
362 2084 497 2145 quaeque
512 2066 641 2128 deterior
655 2067 743 2147 polus

109 2152 236 2213 obscura
251 2151 315 2212 diro
331 2151 424 2230 spatia
440 2152 588 2214 concessit
602 2151 678 2226 lovi3

110 2245 148 2311 et,
164 2237 189 2298 si
203 2237 357 2316 placerent
372 2236 472 2299 tertiae
487 2236 575 2298 sortis
592 2236 667 2313 loca,

110 2339 235 2400 regnare
250 2321 351 2400 potui:
368 2321 465 2383 noctis
480 2330 616 2382 aeternae
632 2321 721 2383 chaos
833 2342 838 2353 ·

111 2416 140 2467 et
155 2415 241 2467 nocte
257 2405 395 2484 quiddam
410 2406 527 2484 gravius
542 2415 571 2468 et
585 2407 684 2469 tristes
699 2406 770 2467 deos

111 2498 141 2552 et
154 2491 212 2552 lata
225 2490 300 2566 vidi,
316 2500 411 2552 morte
426 2498 593 2571 contempta
608 2491 670 2552 redi
686 2525 728 2536 —

112 2575 183 2655 quid
197 2582 289 2637 restat
303 2574 404 2636 aliud?
426 2575 483 2636 vidi
500 2584 529 2637 et
544 2576 661 2637 ostendi
676 2576 797 2637 inferos.

112 2661 147 2721 da
162 2660 271 2740 siquid
286 2660 362 2721 ultra
379 2671 438 2737 est,
455 2661 512 2722 iam
528 2661 578 2722 diu
593 2661 703 2742 pateris
717 2679 821 2722 manus

113 2764 229 2807 cessare
244 2753 370 2820 nostras,
386 2746 478 2821 luuo;
495 2765 571 2825 quae
585 2745 663 2807 vinci
678 2743 785 2808 iubes?

197 2831 255 2892 Sed
270 2831 378 2909 templa
394 2849 486 2911 quare
500 2831 585 2893 miles
600 2831 726 2892 infestus
741 2839 822 2894 tenet

112 2916 263 2995 limenque
278 2933 395 2978 sacrum
410 2926 508 2977 terror
522 2934 671 2978 armorum
691 2913 827 2978 obsidet?

332 3014 582 3113 uururrnrou
618 3049 621 3056 ·

198 3161 342 3222 Vtrumne
357 3161 436 3222 visus
451 3169 517 3223 vota
532 3161 685 3243 decipiunt
697 3180 789 3237 meos,

114 3266 150 3308 an
167 3246 216 3307 ille
232 3246 359 3308 domitor
375 3245 454 3306 orbis
472 3258 502 3309 et
516 3247 636 3309 Graium
651 3249 742 3310 decus

114 3331 191 3392 tristi
206 3332 342 3394 silentem
358 3331 461 3392 nubilo
477 3330 564 3411 liquit
579 3330 721 3396 domum?

115 3424 198 3477 estne
213 3416 261 3477 ille
277 3413 388 3478 natus?
407 3415 539 3478 membra
553 3418 661 3481 laetitia
676 3425 807 3497 stupent.

115 3519 132 3560 o
148 3510 225 3578 nate,
243 3510 322 3562 certa
337 3509 366 3563 at
380 3519 445 3562 sera
460 3501 626 3565 Thebarum
643 3504 731 3581 salus,

39 3732 44 3737 .
201 3685 251 3736 590
269 3685 385 3736 cantibus
399 3685 425 3736 A
494 3689 544 3740 594
560 3686 635 3740 laetis
652 3688 678 3739 A
746 3690 795 3741 597
814 3689 912 3740 secreta
929 3686 1018 3739 mundi
1034 3685 1160 3738 Aet*

117 3749 256 3802 restrumn
325 3755 373 3806 cor
393 3768 494 3821 quaque
506 3753 539 3806 n.
551 3784 585 3792 -
598 3755 687 3821 porus:
705 3756 714 3807 l
732 3772 766 3806 aa
783 3754 909 3822 p1m.ll
976 3757 1027 3810 cto
1043 3752 1092 3805 uo
1106 3741 1162 3803 ott

118 3822 228 3868 corre-‘ce‘
290 3823 340 3872 614
357 3824 409 3872 lam
427 3821 504 3874 diuA
569 3826 618 3876 615
638 3824 734 3891 quidA
797 3826 846 3878 618
863 3822 1043 3892 Amphytrion.
1060 3815 1165 3874 flumbo

116 3884 225 3952 Megera.
243 3887 358 3940 Theseus
375 3904 488 3941 scaenae
501 3892 659 3943 inscribitur
670 3892 696 3944 ll
717 3891 747 3943 ll.
760 3892 791 3944 Α.
804 3891 851 3944 Th.
864 3892 890 3942 A
906 3896 980 3957 (anm
995 3890 1048 3945 592
1057 3894 1085 3957 ς)
1130 3882 1166 3940 0²²

117 3960 186 4005 certa
204 3960 230 4007 et
246 3971 303 4010 sera
322 3955 398 4008 codd.
417 3962 537 4010 eorrcmit
557 3957 687 4013 Gratiam
704 3959 751 4026 (ad
767 3976 791 4012 v.
810 3960 887 4025 1117)
