2580 4366
145 197 205 259 196
599 209 757 253 tumuere.

228 362 353 424 ulterius
375 361 440 422 sine
462 359 626 422 offensione
648 360 753 440 pedem
775 359 910 438 prolerre
936 358 1104 439 nequimus.
1152 379 1223 423 uam

143 447 224 528 quod
245 448 277 508 iu
300 445 480 508 editionibus
502 444 719 506 circumfertur
732 462 758 508 v.
781 445 859 508 388:

703 540 730 591 et
747 537 837 609 partu
859 527 936 590 lutet

348 625 493 694 materque
513 614 637 676 multum
658 619 758 694 rapuit
779 613 886 675 ouillo
908 612 981 675 matr·

144 735 212 780 cum
233 715 488 793 languidissimum
510 724 611 776 est-
626 733 694 776 nam
716 723 750 776 ut
772 725 851 777 reete
871 726 966 777 neuter
988 715 1025 776 de
1046 717 1222 795 partuum,

144 813 178 863 ut
199 800 291 862 voluit
313 800 480 862 Gronovius
502 799 617 860 observ.
640 818 665 860 0.
682 799 729 860 Vl.
752 818 782 878 p.
806 802 846 862 44
870 798 924 874 Pl,
947 800 983 861 de
1005 800 1107 862 matris
1130 820 1224 882 opera

143 894 173 948 et
202 904 273 948 oura
302 885 434 959 dicatur,
462 884 587 946 alterum
613 893 803 964 praereptum
825 892 871 946 est
894 903 920 943 r.
944 886 1022 961 388,
1044 884 1173 947 alterum
1193 896 1226 949 et

143 979 211 1050 post
234 970 361 1033 eundem
383 988 500 1031 versum
516 979 546 1031 et
560 969 590 1031 in
607 987 659 1029 ore
674 968 827 1031 Deianirae
842 969 977 1048 ineptum
994 1003 1032 1014 —
1048 980 1113 1032 tum
1129 970 1224 1033 iuter·

143 1055 270 1136 polatori
292 1056 425 1117 debetur.
469 1073 576 1135 nempe
597 1055 742 1115 Etruscus
762 1053 801 1114 ita
823 1054 897 1115 haee
917 1053 1005 1115 verba
1026 1055 1140 1117 reddita

653 1166 680 1217 et
697 1159 813 1235 pariter
833 1155 910 1216 ludat

347 1252 492 1322 materque
511 1239 635 1302 multum
656 1244 755 1320 reputt
777 1259 814 1301 eu
835 1240 885 1302 r'lle
906 1239 986 1302 milri.

143 1345 224 1423 atqui
247 1343 358 1404 alarum
383 1351 436 1417 est,
459 1341 488 1402 id
510 1342 591 1421 quod
612 1341 808 1421 interpolator
830 1360 949 1422 quoque
971 1341 1127 1419 intellexit,
1150 1343 1224 1405 liaeo

142 1430 177 1490 de
206 1437 293 1508 partu
324 1429 400 1488 diota
428 1445 501 1489 esse.
547 1444 618 1505 ergo
648 1444 717 1487 oum
741 1430 855 1506 pariter
882 1425 1067 1506 aptissimum
1098 1444 1134 1488 ao
1156 1428 1223 1490 sine

143 1512 232 1574 dubio
256 1512 436 1591 genuinum,
459 1511 495 1572 ab
518 1510 730 1591 interpolatore
752 1519 850 1572 autem
873 1510 947 1572 mala
972 1511 1146 1573 coniectura
1168 1512 1223 1573 ob·

142 1597 274 1660 limatum
297 1596 344 1669 sit,
367 1597 397 1656 in
421 1596 497 1658 labat
519 1595 593 1656 nihil
614 1595 704 1656 latere
720 1603 819 1674 potest
836 1595 893 1656 nisi
909 1594 1124 1658 substantivum
1141 1597 1222 1678 quod

143 1701 209 1744 oum
233 1680 369 1762 sequenti
391 1692 535 1761 materque
556 1698 646 1742 unam
664 1680 799 1761 pariendi
817 1682 969 1743 notionem
985 1681 1101 1743 efficiat
1133 1691 1224 1762 atque

145 1767 225 1848 quod
246 1784 346 1828 verum
371 1774 415 1826 est
436 1765 583 1826 invenisse
605 1784 652 1826 me
677 1765 808 1826 eonfido:

551 1868 687 1949 quidquid
708 1871 740 1927 iu
761 1866 841 1928 uotis
862 1867 923 1946 fuit

346 1951 415 2013 olim
433 1955 557 2031 petitum
579 1953 684 2024 cecidit,
708 1962 733 2012 et
752 1955 865 2031 pariter
886 1950 966 2013 ledor

343 2047 489 2116 materque
510 2035 634 2098 multam
656 2040 755 2117 rapuit
777 2055 813 2097 ear
836 2035 884 2098 atto
907 2036 988 2099 mitt.

141 2139 190 2201 ltio
201 2143 324 2219 pariter,
339 2138 420 2216 quod
435 2155 496 2199 non
513 2137 709 2216 comparative
720 2137 772 2199 sed
786 2136 987 2217 temporaliter
1005 2137 1118 2199 dietum
1129 2142 1221 2215 ost⁴)‚

141 2223 229 2285 verba
251 2241 327 2301 quae
350 2233 421 2283 sunt
442 2223 539 2285 recidit
560 2231 590 2283 et
610 2227 711 2303 rapuit
733 2222 897 2301 coniungit,
920 2241 981 2283 non
1001 2223 1124 2285 nomina
1137 2223 1222 2287 utor

141 2320 294 2388 materque.
333 2307 376 2368 sio
398 2307 505 2368 Phaed.
524 2309 586 2372 845
608 2326 653 2369 me
674 2325 782 2388 quoque
803 2325 942 2387 oupertus
960 2311 1075 2387 pariter
1090 2310 1131 2372 od
1143 2310 1222 2372 aedos

140 2393 217 2455 tradit.
247 2393 319 2456 849>
328 2397 496 2473 pariterque
516 2403 638 2454 mortem
657 2393 758 2471 supere
779 2403 805 2453 et
820 2392 935 2454 Alciden
956 2397 1044 2473 sequi.
1077 2394 1220 2475 1000000-

140 2495 224 2552 vum3
248 2476 301 2537 sed
322 2478 446 2555 figuram
469 2496 543 2556 quae
565 2486 610 2538 est
628 2476 708 2539 ledor
729 2488 873 2557 materque
895 2476 960 2538 sine
981 2476 1093 2540 maiore
1114 2478 1220 2559 dispu-

140 2562 261 2624 tationis
283 2561 395 2623 ambitu
416 2561 520 2623 leotori
542 2561 668 2640 probare
690 2580 751 2623 non
774 2570 889 2641 potero.

227 2646 366 2707 notiones
393 2646 485 2726 igitur
511 2647 586 2708 duae
614 2647 653 2708 ita
679 2646 757 2707 inter
779 2664 810 2708 se
832 2647 1057 2725 coniunguntur
1078 2654 1112 2707 ut
1134 2647 1221 2726 quasi

141 2750 201 2793 una
223 2732 306 2793 notio
330 2731 406 2793 elfioi
428 2732 560 2793 videatur
583 2750 659 2810 quae
681 2740 726 2792 est
747 2731 777 2792 in
800 2731 857 2792 isto
879 2730 1015 2793 Herculis
1032 2749 1118 2793 versu
1135 2731 1222 2795 utor

140 2817 326 2893 0001000005)
355 2816 435 2878 inter
456 2817 528 2878 duas
550 2817 687 2879 notiones
705 2816 744 2877 ita
756 2817 930 2878 coniunctas
943 2816 1111 2878 necessario
1127 2816 1221 2879 altera

141 2909 208 2962 utra
231 2901 425 2980 praecipuum
447 2902 545 2962 locum
568 2908 650 2962 tenet
671 2908 700 2962 et
722 2902 938 2979 quodammodo
959 2907 1077 2978 regnam
1100 2918 1163 2981 quo
1184 2902 1221 2964 ut

141 2994 174 3047 ut
200 2986 338 3062 verbum,
367 3005 384 3046 a
411 3005 470 3066 quo
500 2994 625 3064 utraque
650 2985 776 3066 pendet,
798 2987 835 3047 ad
857 2988 934 3047 hanc
955 2993 1069 3047 tantum
1091 2986 1219 3066 proprio

138 3090 229 3133 sensu
261 3070 400 3149 quadret,
428 3071 463 3131 ad
491 3070 610 3132 alteram
637 3071 813 3150 plerumque
840 3072 989 3132 translato.
1033 3070 1125 3131 altera
1146 3089 1219 3133 vero

227 3255 248 3319 ⁴)
266 3254 297 3306 el.
314 3253 442 3305 Glrurisius
461 3268 485 3318 p.
502 3255 560 3317 214,
578 3257 605 3305 lt
624 3256 730 3319 pariter
746 3268 796 3318 pro
814 3254 941 3319 pariliter
958 3252 1060 3317 Cicero,
1077 3252 1220 3305 01Μωί-

140 3337 199 3372 mua
216 3327 300 3372 notat.
327 3322 451 3372 similitor
469 3319 580 3372 atMaro
592 3320 631 3371 XI
647 3323 715 3387 (613.
733 3324 803 3387 592),
820 3323 868 3372 abi
883 3320 972 3373 Celsus
987 3337 1039 3386 pro
1057 3322 1218 3386 aequatem.

140 3389 209 3439 idam
223 3405 319 3454 georg.
337 3390 366 3454 (1,
387 3391 445 3453 189)
463 3394 489 3438 et
505 3417 539 3426 —
556 3390 622 3452 (aea.
640 3388 658 3453 1,
677 3392 746 3448 llll.

227 3458 248 3520 ⁵)
264 3456 347 3524 figura
372 3472 386 3508 a
410 3456 580 3523 grammaticis
598 3462 705 3508 vocatur
722 3453 753 3507 ἓν
770 3453 817 3507 διὰ
835 3455 921 3521 δυοῖν,
944 3455 990 3508 sed
1008 3455 1112 3507 minime
1130 3457 1218 3509 omniu

141 3538 206 3589 quae
223 3523 272 3575 hoc
290 3525 392 3576 nomiae
409 3524 657 3603 comprehenduntur
673 3524 772 3590 figurae
783 3540 859 3591 quam
871 3522 1034 3577 delinivimus
1044 3523 1138 3576 similia
1148 3530 1219 3577 suut.

140 3589 1219 3726 tl1‘ttttrtlttttdtrdttlttttttttttttttffltttttltdt:

140 3728 191 3780 509
208 3731 330 3791 ramique
354 3730 439 3778 uentis
464 3729 521 3779 lane
544 3731 666 3795 peruuart·
687 3734 804 3779 tremunt
825 3734 976 3794 ueteresque
995 3728 1076 3794 sagi,-
1101 3731 1151 3783 tot
1170 3732 1221 3796 qui

139 3810 234 3872 sparsa
253 3797 306 3843 aito
324 3795 413 3845 sidera
430 3796 529 3847 mundo
544 3811 690 3861 currusque
699 3811 784 3862 uagos
795 3800 871 3862 rupis
886 3802 1031 3860 astrorum,
1050 3797 1094 3849 ubi
1104 3797 1132 3851 iu
1145 3802 1221 3865 purte

140 3867 187 3913 tou
209 3859 326 3980 atddenda
350 3868 394 3914 aut
412 3863 500 3915 eadem
523 3879 551 3916 re
574 3867 719 3930 expressius
741 3864 830 3916 iterum
855 3862 982 3917 efferenda
1000 3864 1074 3918 color
1091 3867 1220 3921 sermonis

139 3944 213 3982 versa
226 3944 263 3982 ur.
