2602 4380
170 217 234 279 204
628 229 783 272 nusnncm.

258 381 411 444 commode
433 381 526 459 igitur
546 380 653 443 accidit
674 379 753 459 quod
769 379 914 440 Etruscus
937 376 1145 457 stribiliginem
1168 375 1251 438 istam

174 487 235 530 non
258 467 401 546 agnoscit.
447 467 478 526 iu
501 484 560 545 quo
582 467 640 526 hoc
661 464 803 544 legimus:

375 566 442 667 loeo
464 567 532 668 dum
552 577 696 646 stupentes
717 570 890 645 quaerimus,
916 584 951 626 en
973 576 1064 627 totum
1085 581 1168 626 more

173 747 261 817 atque
283 662 656 816 verumnlnslgaelquaerendi
678 735 801 796 verbum
825 734 920 796 statim
944 734 1055 807 elucet3
1087 751 1145 795 uec
1167 732 1252 794 dubi-

172 823 228 883 tari
251 828 348 900 potest
371 821 443 901 quin
467 818 610 900 Peiparus
638 820 793 899 pristinam
816 837 918 880 versus
940 820 1066 880 formam
1089 818 1253 880 restituerit

173 942 214 954 —
243 925 331 1002 quam
360 924 427 1051 cupi
454 904 696 1050 puterpolatorn
726 922 787 964 uon
815 904 975 984 reperiret,
1004 907 1155 984 querimur
1182 902 1252 964 sub-

174 991 328 1054 stituit—
354 1008 396 1052 sel
410 1009 480 1052 nce·

376 1091 443 1153 nnec
465 1093 533 1153 dum
554 1102 695 1171 stupentes
716 1096 889 1185 quaerimus,
915 1099 1007 1151 totum
1028 1108 1064 1152 en
1086 1108 1168 1152 mare

378 1180 509 1255 inmuqit.

174 1271 202 1322 at
224 1280 344 1323 rursum
366 1261 599 1339 interrogamus.
631 1259 702 1339 quid
724 1259 841 1320 taudem
873 1265 1021 1337 quaerunt
1043 1271 1072 1321 et
1094 1258 1168 1321 adeo
1189 1268 1252 1322 stu-

174 1355 279 1444 pentes
294 1342 464 1426 quaerunt?
486 1364 523 1405 an
540 1345 707 1442 Aesculapii
723 1344 917 1423 Scironisque
937 1341 1050 1423 rupes?
1074 1362 1150 1425 quas
1165 1344 1252 1405 undis

174 1433 204 1492 in
228 1431 406 1491 immensum
428 1429 550 1491 sublatis
573 1429 684 1508 operiri
706 1429 793 1489 modo
816 1428 997 1504 audivimus3
1021 1447 1083 1490 non
1101 1429 1253 1510 quaeritur

174 1525 271 1578 autem
296 1516 375 1594 quod
397 1515 448 1576 ubi
470 1514 557 1576 lateat
578 1523 607 1575 et
629 1532 688 1594 quo
711 1522 828 1592 tegatur
850 1513 880 1575 in
903 1520 1005 1592 aperto
1029 1523 1084 1575 est.

259 1600 382 1660 fortasse
411 1618 486 1680 quae
514 1599 610 1661 statim
640 1606 783 1660 secuntur
813 1599 868 1660 hac
896 1599 932 1659 ‹le
961 1617 994 1659 re
1023 1600 1173 1672 certiores¹
1198 1617 1253 1660 nos

174 1686 300 1747 sacient:

684 1779 776 1829 totum
798 1785 833 1828 en
855 1785 935 1828 mure

378 1857 512 1931 inmuqit‚
535 1870 631 1914 omnies
652 1853 777 1933 undique
798 1853 908 1932 scopuli
926 1855 1103 1934 unstrepunt.

378 1956 523 2000 mmmmm
545 1956 679 1998 cacumen
699 1946 782 1999 roret
803 1937 921 2017 expulso
943 1936 1001 1999 sole

378 2032 492 2103 spumat
513 2026 654 2102 vomitque
675 2022 783 2084 nimbus
804 2022 923 2083 alteruis
948 2041 1047 2104 equos.

175 2125 227 2186 sed
255 2142 315 2185 non
346 2122 548 2204 expectatione
577 2131 690 2184 tautum
722 2123 884 2185 excidimus
907 2125 957 2184 sed
980 2125 1012 2184 in
1035 2123 1109 2186 alios
1132 2143 1252 2206 quoque

175 2218 205 2271 et
225 2209 423 2270 intricatiores
446 2227 562 2270 errores
585 2208 775 2270 incurrimus.
817 2228 884 2270 nam
906 2209 973 2288 quis
990 2210 1064 2271 haec
1079 2207 1252 2289 intellegat?

176 2293 261 2374 quale
290 2301 335 2354 est
364 2294 443 2372 quod
472 2303 552 2354 rorat
573 2291 738 2356 cacumen?
768 2294 835 2372 quis
861 2304 907 2355 est
930 2295 980 2373 qui
1002 2295 1125 2356 alternis
1147 2313 1252 2374 aquam

106 2458 109 2463 ἢ
175 2388 293 2458 spumat
314 2375 486 2456 vomitque?
510 2395 650 2438 cacumen
675 2378 795 2458 quidem
810 2377 882 2439 illud
897 2388 930 2440 ut
945 2398 1028 2441 nunc
1041 2379 1153 2458 legitur
1167 2379 1252 2441 debet

175 2471 325 2544 petrarum
349 2482 422 2541 quas
444 2463 531 2522 modo
551 2462 712 2525 nominavit
727 2481 867 2524 cacumen
887 2482 967 2525 esse:
992 2482 1067 2543 quae
1083 2474 1182 2526 lamen
1197 2482 1253 2526 uec

176 2566 313 2628 spumare
335 2566 440 2627 aquam
464 2566 518 2609 nec
540 2566 658 2608 vomere
681 2556 816 2626 possunt.
851 2549 908 2608 hoc
923 2549 1057 2627 aenigma
1072 2550 1196 2611 solvitur
1211 2551 1254 2610 eis

176 2652 251 2713 quse
273 2642 433 2695 secuntur:

379 2717 471 2798 qualis
489 2736 542 2796 per
563 2717 623 2777 ulta
645 2717 757 2778 uelr'tur
781 2718 888 2779 Oceani
906 2720 986 2797 [retu

378 2804 533 2880 fluctacmfit
556 2802 712 2879 refunderes
734 2820 783 2863 ore
801 2803 933 2881 plnpsetcr
954 2821 1055 2883 copon,

380 2886 525 2948 inhorruit
546 2904 696 2946 concussus
717 2888 863 2948 undarum
884 2887 982 2967 qlolus

379 2972 515 3051 solvitque
535 2990 593 3032 sese
615 2983 641 3033 et
662 2971 744 3033 litori
763 2976 874 3034 inuenit
895 2972 1004 3033 mulum

379 3061 473 3118 mcius
496 3061 606 3117 timore.

175 3158 274 3236 itaque
286 3157 322 3217 de
333 3166 466 3218 monstro
479 3156 559 3236 quod
570 3175 596 3216 v.
612 3158 692 3238 1020
704 3158 799 3234 gravis
813 3159 892 3218 unda
905 3158 1058 3235 extulerat,
1070 3160 1101 3221 in
1113 3160 1252 3222 omnibus

176 3243 238 3304 istis
261 3241 394 3303 versibus
410 3249 494 3322 poeta
511 3242 628 3302 locutus
643 3247 696 3302 ast.
728 3243 807 3303 nunde
822 3244 955 3305 omnium
971 3245 1101 3323 primum
1116 3246 1253 3324 sequitur

176 3328 247 3388 haec
269 3327 308 3389 ita
331 3326 538 3407 distinguenda
565 3345 644 3387 esse:

379 3447 524 3490 summum
545 3446 675 3489 cacumen
699 3440 780 3489 rorat
806 3431 924 3509 enpulso
946 3431 1014 3506 sule,

379 3525 493 3594 spumet
515 3517 656 3593 vomitque
677 3512 785 3575 uicibus
805 3513 925 3578 alternis
946 3534 1037 3596 equos

379 3599 470 3678 qualis
487 3617 543 3678 per
563 3597 623 3660 ulto
644 3598 757 3659 celitur
780 3598 889 3661 Oceoni
907 3602 986 3679 [reto

378 3684 499 3760 fluctum
520 3684 677 3762 refundens
700 3701 748 3743 ore
765 3683 897 3763 plnqseter
918 3703 1020 3764 copon.

380 3768 525 3830 inhorruit
546 3786 696 3829 concussus
718 3768 866 3830 condatum
887 3770 986 3849 qlolus
1008 3789 1034 3831 e.
1052 3788 1081 3850 q.
1098 3790 1121 3831 s.

260 3950 280 4013 5)
298 3951 408 4011 pueram
428 3949 452 3998 Ε
470 3951 576 4012 (tuctus
594 3953 628 4015 Α)
646 3950 677 4003 cf.
696 3967 721 4018 p.
740 3954 780 4004 37.
