2580 4366
573 229 729 271 nuacncra.
777 252 780 257 -
1126 213 1186 275 203

104 375 261 466 (Κρητῶν
285 371 319 439 δ’
341 367 518 456 Ἰδσμενεύς
540 376 751 456 δουρικλυτὸς
772 371 975 461 ἡγεμόνευεν,
999 379 1032 441 οἳ
1049 377 1186 443 Κνωσόν

107 452 138 520 r’
164 467 253 540 εῐχσν
276 456 427 543 Γόρτυνά
452 485 488 526 σε
513 459 717 542 τειχιόεσσαν
741 465 778 525 ol.
802 464 905 544 Steph.
928 465 996 544 sz.
1019 483 1042 524 s.
1069 466 1185 545 Βσίβη)

106 553 137 606 et
156 546 322 609 Mothonen
344 547 401 609 sub
418 547 490 609 Oeta
512 549 597 610 sitam
619 567 684 611 esse
698 549 804 611 voluit:
829 568 896 611 nam
913 568 987 628 quae
1002 550 1048 609 bis
1063 548 1187 631 aliisque

108 629 182 694 locis
204 631 475 693 comminiscuntur
494 633 609 695 inutilia
631 642 711 695 sunt.

193 735 266 796 ergo
289 717 320 777 in
343 718 479 778 locorum
501 719 560 779 situ
582 719 750 780 inaccurate
768 718 896 779 indicato
914 737 973 779 non
990 718 1185 794 offendimus;

110 799 197 862 immo
229 801 446 880 neglegentiam
475 803 559 864 istam
588 808 645 882 qua
674 803 706 863 in
735 803 832 864 tabula
857 803 980 864 Athenis
1002 812 1064 865 acta
1086 812 1185 866 narrat

111 886 187 963 quod
211 886 342 964 intellegi
358 899 487 966 nequeat
502 888 560 949 nisi
575 889 600 949 si
616 889 766 949 Troezene
781 895 893 966 agatur,
916 906 1039 966 prorsus
1054 888 1184 950 Senecae

112 970 184 1030 mori
206 990 241 1032 ao
263 971 481 1051 tragoediarum
504 972 596 1033 indoli
618 973 777 1034 convenire
800 973 931 1033 dixerim.
969 981 997 1034 at
1018 981 1087 1034 suut
1109 992 1184 1052 quae

114 1054 309 1135 suspicionem
332 1066 469 1118 moveant
490 1057 630 1136 graviora.

193 1150 293 1202 narrat
315 1142 440 1203 nuntius
461 1142 795 1220 undasconsorgentes
818 1151 846 1203 et
867 1142 898 1203 in
921 1141 991 1202 litus
1006 1151 1099 1204 semet
1114 1161 1183 1223 pro·

71 1254 73 1273 =
118 1223 257 1317 polientes
279 1224 390 1304 aliquid
412 1235 547 1312 portasse
570 1228 649 1309 quod
673 1228 758 1306 quale
781 1227 871 1288 luerit
894 1227 1015 1288 comites
1032 1226 1183 1309 Hippolyti

119 1309 286 1385 ignorarint:
339 1344 344 1351 -

565 1415 635 1476 quoe
656 1415 763 1458 uoouuc
785 1396 867 1458 tellus
888 1408 971 1477 caput

311 1481 432 1542 ostuodit
453 1478 562 1543 ostris?
593 1480 692 1560 Cyclas
713 1485 846 1542 euocetur
866 1479 965 1542 uoco?

126 1557 228 1625 latuisse
238 1563 382 1644 Epidauri
393 1563 608 1646 Megaridisque
620 1585 711 1645 rupes
722 1565 941 1645 Isthmumque3
958 1566 1062 1627 deiude
1074 1566 1182 1645 pergit,

130 1654 156 1703 ut
172 1647 282 1726 quidem
305 1649 335 1709 in
360 1649 545 1728 interpolatis
568 1650 719 1712 codicibus
741 1650 863 1729 legitur:

310 1733 377 1794 hooc
400 1735 467 1795 dum
489 1745 629 1816 stupentes
651 1740 809 1816 querimur,
831 1754 866 1795 eu
888 1744 980 1796 totum
1001 1753 1082 1796 uoore

294 1822 440 1898 inmugit,
462 1837 558 1881 omues
579 1822 703 1902 undique
724 1819 833 1901 scopuli
853 1820 1057 1900 adstrepuut.⁴)

133 1903 154 1955 at
164 1899 221 1976 quid
237 1902 353 1964 tandem
369 1902 559 1982 queruntur?
581 1924 618 1966 an
635 1924 725 1984 rupes
740 1905 840 1979 latere,
852 1922 932 1964 mare
948 1903 1061 1982 agitari,
1078 1921 1180 1964 novam

133 1977 232 2074 ipsulam
254 1984 348 2048 oriri‘l
371 2006 446 2067 quae
468 1989 568 2050 mirari
585 1998 669 2051 certe
692 1997 831 2069 poterant
846 1997 874 2050 et
892 1996 1026 2068 stupere;
1049 1987 1134 2067 queri
1149 1988 1180 2049 in

134 2061 197 2128 htore
214 2089 334 2132 securos
357 2073 472 2152 puerile
494 2082 565 2134 erat.
603 2093 637 2136 ac
658 2075 755 2136 mirati
778 2074 896 2154 quidem
919 2081 1003 2134 sunt:
1027 2080 1180 2152 stupentes

135 2149 219 2215 scilicet
246 2166 431 2235 queruntur;
453 2167 482 2218 at
504 2177 591 2220 nemo
615 2159 702 2222 simul
726 2160 861 2239 queritur
882 2169 911 2220 et
933 2157 1125 2238 obstupescit.

136 2264 311 2285 ἓ

135 2304 188 2368 oto
201 2317 225 2378 ἐς
240 2320 290 2386 τὴν
308 2318 441 2391 εὔβιτρσν
451 2323 624 2393 Πεπάρηθον.
651 2342 727 2393 quam
740 2341 797 2378 cum
816 2325 855 2378 bis
873 2325 957 2377 verbis
974 2324 1065 2377 inierat
1082 2325 1180 2377 Seneca

133 2382 193 2446 itali:
207 2391 296 2444 Attica
311 2393 431 2458 pendens
440 2393 601 2459 Peparethos
619 2410 668 2445 ora
687 2411 724 2446 an
741 2397 827 2445 sacris
836 2393 959 2460 gauderes
971 2396 1059 2444 tuellis
1068 2393 1179 2443 Eleusin

131 2448 181 2510 (nam
195 2463 294 2511 motion
312 2475 363 2511 non
382 2460 470 2513 dicunt
488 2461 547 2512 boni
561 2467 653 2530 poetae
662 2468 764 2530 praeter
778 2469 946 2526 astronomos,
965 2466 1042 2528 atque
1053 2459 1179 2513 Mauors

71 2558 73 2567 .
131 2526 181 2574 tecle
193 2524 282 2594 legitur
300 2533 326 2579 et
348 2544 418 2594 quoe
439 2532 561 2595 requitur
582 2532 716 2596 flectitque
736 2547 817 2581 sonore
835 2530 926 2580 Attiou
945 2530 1039 2580 tardus
1055 2529 1179 2595 plaustro

129 2581 218 2664 Fatua),
239 2595 354 2677 sequitur
363 2595 484 2648 Senecam
504 2613 613 2663 quoque,
631 2603 659 2649 ut
681 2598 820 2650 scholiasta
829 2596 963 2663 Sophoclis
981 2599 1022 2661 (Π.
1034 2593 1120 2664 δῆμος
1132 2597 1179 2658 τῆς

71 2700 75 2705 .
132 2654 220 2734 Atouria
237 2680 282 2713 ναι
299 2662 352 2731 μιά
370 2666 427 2714 τῶν
437 2663 586 2715 Κυκλάδων
604 2660 715 2731 νήσων),
734 2665 902 2733 Peparethum
911 2665 1012 2716 Atticae
1022 2678 1117 2731 pagum
1135 2663 1188 2715 ha·-

131 2717 201 2780 ltuse.
225 2736 359 2797 praeterea·
373 2732 528 2784 monendum
546 2738 586 2785 est
602 2749 705 2800 operam
724 2733 825 2786 dedisse
837 2733 959 2786 Senecam
972 2737 1000 2784 ut
1010 2747 1114 2798 prorsus
1127 2736 1178 2783 tur-

71 2828 76 2853 ,
131 2785 182 2845 buret
195 2798 326 2864 pristinum
335 2799 458 2852 Boeotiae
466 2800 614 2854 Homericae
632 2801 757 2854 ordinem:
777 2816 826 2869 qua
845 2800 877 2853 de
895 2815 921 2852 re
939 2800 983 2867 qui
997 2800 1066 2851 volet
1079 2799 1179 2868 Peiperi

71 2870 74 2881 ¹
131 2863 203 2915 onnia
220 2867 286 2932 apud
304 2868 313 2917 i
333 2883 389 2919 sum
407 2883 562 2935 cognoscere
580 2869 681 2936 poterit.
716 2870 833 2920 nimirum
854 2869 937 2921 omnia
956 2871 1024 2920 recte
1042 2868 1179 2920 decurrunt

71 2946 75 3009 Ἰ
131 2933 205 2986 laetor
220 2949 297 2986 unum
313 2883 401 2987 locum
418 2936 444 2987 io
463 2952 514 3002 quo
532 2936 654 2989 iacturam
671 2953 761 2990 versus
785 2936 877 2988 factam
899 2952 955 2989 esse
973 2935 1087 3002 Scaliger
1105 2935 1177 2988 vidit.

71 3010 87 3071 {t
192 3000 210 3065 ⁴)
227 3002 292 3054 bunc
312 3017 412 3055 versum
436 3008 462 3055 et
480 3004 518 3056 lli.
537 3007 587 3058 950
605 3007 738 3071 hiemsque
756 3005 847 3070 gelido
865 3004 970 3070 frigida
988 3008 1074 3070 spolio
1092 3003 1178 3064 refert

71 3070 87 3139 p·
131 3066 273 3122 emendandos
297 3085 355 3122 esse
380 3069 522 3124 Sohmidtio
545 3074 585 3140 (p.
605 3076 655 3136 35)
679 3073 818 3125 concedere
839 3087 889 3123 non
907 3087 1020 3140 possum.
1055 3086 1128 3135 nam,
1149 3075 1178 3121 ut

71 3144 86 3181 't
130 3133 195 3187 lincis
210 3134 332 3204 defungar
350 3139 486 3207 exemplis,
511 3139 627 3193 Tibullus
648 3156 750 3208 quoque
767 3141 807 3193 bis
826 3145 924 3192 tantum
941 3140 1044 3191 brevem
1063 3137 1177 3189 vocalem

80 3210 85 3223 ¹
130 3202 172 3250 ¹⁰20
189 3202 248 3258 duas
271 3215 442 3259 consonantes
460 3223 570 3274 sequens
590 3209 693 3260 verbum
718 3208 868 3260 incohantes
885 3211 988 3273 longam
1007 3220 1064 3258 esse
1081 3204 1176 3255 voluit:

71 3210 86 3383 ἒ
128 3256 205 3339 llll
221 3288 271 3339 pro
289 3280 377 3338 regate
393 3278 489 3340 spicas,
508 3280 535 3342 et
547 3279 571 3338 6,
582 3279 616 3330 34
632 3293 747 3340 servare,
765 3277 870 3338 frustra
876 3294 885 3338 ;
902 3274 1019 3326 Lucanus
1037 3276 1062 3324 et
1080 3270 1177 3324 Statius

78 3360 81 3365 ·
129 3337 211 3401 ungulis
228 3344 327 3392 lantum
345 3341 419 3394 locis:
437 3342 498 3394 Luc.
509 3344 540 3406 V,
560 3347 607 3397 118
626 3348 724 3410 quippe
741 3345 864 3395 stimulis.
894 3341 958 3394 Stat.
976 3339 1056 3391 Theb.
1067 3340 1109 3404 Vl,
1126 3342 1174 3392 551

128 3403 180 3461 cgito
197 3409 316 3460 studium
340 3415 407 3471 inam
430 3410 494 3463 falso
518 3412 621 3478 quidam
641 3412 731 3479 legunt
752 3413 798 3475 xl,
824 3413 871 3464 168
896 3409 1029 3474 supplicia
1053 3407 1176 3471 fratrem,

127 3470 278 3543 uonuptus
296 3480 335 3530 est
353 3492 442 3530 versus
460 3478 519 3532 silv.
537 3480 556 3545 l,
574 3483 604 3545 6,
626 3483 655 3533 10
674 3483 729 3530 iam
748 3479 850 3530 volaria
869 3478 940 3527 liuoa
957 3476 1107 3541 pluebant),
1130 3474 1176 3527 Sil.

71 3580 78 3617 Ι.
127 3526 214 3604 ΠῙ,618
231 3545 377 3612 Syllaeque
388 3544 531 3612 Crassique
548 3547 635 3599 simul.
660 3547 759 3611 litora
778 3550 886 3598 iumoua
897 3544 1012 3594 stridens
1030 3543 1115 3607 (XVll,
1126 3547 1176 3597 546

71 3626 75 3669 ς
124 3600 207 3662 (ἕσσει
222 3615 327 3679 spatio:
346 3612 449 3664 diuerso
468 3619 488 3676 ς
510 3615 631 3666 divorsos
648 3615 678 3667 N.
698 3615 822 3666 Heinsius.
857 3612 909 3673 llll,
928 3613 977 3664 209
995 3627 1028 3661 uo
1047 3628 1100 3678 qua
1117 3627 1176 3677 apes

120 3668 177 3728 strue
193 3709 213 3717 -
230 3687 367 3732 manaret:
393 3680 449 3747 qud
470 3682 502 3733 ad
526 3688 646 3734 manaret
667 3683 796 3748 pertinet).
839 3695 921 3748 neque
939 3680 1005 3732 banc
1022 3681 1055 3732 ob
1073 3695 1175 3733 oausam

119 3746 216 3799 nauum
233 3747 332 3800 Manilii
350 3764 451 3802 versum
468 3749 509 3816 lll,
527 3753 559 3804 89
581 3756 724 3816 utcumque
741 3750 850 3811 stollao;
868 3748 908 3800 cui
927 3748 957 3808 V,
979 3752 1026 3802 136
1046 3748 1175 3801 Bentleius

115 3810 207 3867 reddidit
223 3831 352 3883 cauponae
370 3820 399 3867 in
410 3821 685 3885 strepiturirusponeo
699 3816 936 3884 strepitoslaoobu
964 3816 1049 3883 itaque
1064 3816 1176 3869 Senecae

71 3928 73 3945 ,
113 3891 199 3950 quoque
217 3884 243 3936 in
261 3884 325 3937 locis
343 3885 392 3936 alia
410 3885 508 3938 ratione
528 3901 577 3938 non
591 3886 716 3952 suspectis
734 3890 804 3954 (apte
814 3888 898 3937 autem
911 3885 1072 3951 componitur
1086 3900 1175 3936 omues

71 3950 73 3961 '
111 3951 225 4020 uadr'que)
244 3952 384 4020 singularia
402 3968 448 4005 sua
466 3953 664 4021 indulgebimus.
