2580 4366
513 189 551 231 nn
572 188 777 232 ncnununonn.
1142 173 1182 233 97

154 345 349 413 cognoscantur,
379 337 477 398 locum
505 338 593 399 habet
620 338 672 400 ubl
700 340 733 400 in
761 355 896 399 scaenam
917 355 1038 399 vacuam
1059 339 1184 400 chorum

152 419 295 499 excipientes
324 423 477 501 prodiere;
511 432 540 483 at
569 425 593 483 si
623 425 759 502 personis
789 423 846 483 iam
875 422 906 483 in
936 440 1041 484 scaena
1070 424 1184 501 agenti-

147 497 190 564 hu
204 505 413 586 interloquendi
434 526 521 568 causa
543 527 616 569 nova
639 509 759 582 accedit,
783 525 904 568 necesse
926 515 971 567 est
992 507 1056 569 eius
1074 527 1184 570 nomen

143 589 286 669 priusquam
309 602 448 671 appareat
470 593 690 671 pronuntietur.
731 611 818 671 quam
841 591 971 670 regulam
995 592 1131 672 imperite
1152 593 1184 654 in

139 672 334 752 Agamemnone
362 676 531 738 derelictam
559 678 690 739 videmus
718 696 744 741 v.
768 678 830 740 226
858 676 910 736 ubi
933 677 1091 755 Aegisthus
1117 678 1184 757 Cly-

138 764 309 822 taemnestrae
330 773 361 822 et
382 761 492 822 nutrici
514 762 657 823 accedens
672 772 739 822 octo
754 760 888 822 versibus
902 760 990 821 verba
1004 762 1074 823 lacit
1087 762 1184 824 inscio

135 842 246 906 auditore
268 846 335 925 quis
350 846 498 924 loquatur.
527 847 627 908 minus
642 848 811 925 importune
826 865 852 904 v.
864 847 927 908 oto
943 845 974 905 in
990 865 1094 908 scaena
1111 866 1184 909 con-

134 927 281 991 citatissime
303 930 406 991 eodem
427 930 516 991 modo
532 931 648 992 Electra
668 930 868 1010 progreditur.
898 930 951 990 sed
966 931 1045 1009 quod
1060 932 1091 992 in
1108 934 1184 1010 Aga-

132 1027 271 1076 memnone
300 1015 542 1095 vituperandum‚
572 1034 633 1077 nou
662 1017 726 1076 eius
751 1014 867 1076 fabulae
887 1015 1043 1094 proprium
1066 1027 1111 1076 est
1131 1016 1183 1077 sed

134 1099 246 1173 quamvis
267 1118 335 1160 raro
358 1100 389 1160 in
412 1099 534 1179 reliquis
557 1119 677 1179 quoque
699 1099 832 1173 obvium;
859 1107 946 1178 atque
969 1118 1093 1179 prorsus
1115 1101 1183 1179 qui·

133 1179 187 1242 deu
205 1183 290 1245 simili
311 1185 399 1245 modo
422 1184 452 1245 in
474 1184 572 1246 sabula
591 1184 765 1256 Quintiliani
785 1184 954 1245 testimonio
977 1184 1013 1245 ab
1036 1185 1183 1246 ariolatio-

133 1263 207 1328 nihus
225 1269 338 1330 munita
360 1267 425 1329 laso
447 1269 565 1331 Medeae
587 1279 617 1330 et
638 1269 747 1330 nutrici
768 1268 881 1329 accedit
904 1272 943 1344 (v.
965 1271 1056 1344 431t3
1087 1270 1129 1331 sic
1151 1271 1183 1331 in

133 1345 227 1430 Oedipo
249 1372 341 1414 senen
364 1353 534 1414 Corinthius
556 1355 635 1433 regis
658 1362 687 1415 et
707 1354 827 1431 reginae
853 1352 1043 1432 conloquium
1067 1355 1183 1416 invere-

134 1436 212 1497 cunde
224 1438 413 1517 interrumpit
429 1458 467 1498 ne
481 1439 546 1517 ipse
562 1439 681 1518 quidem
696 1439 763 1518 quis
778 1438 816 1499 sit
830 1437 964 1500 indicans
979 1443 1016 1514 (v.
1033 1441 1123 1514 783);
1140 1439 1183 1500 sic

135 1513 267 1586 Tretos
290 1521 476 1602 Talthybium
506 1523 586 1602 loqui
616 1543 676 1585 uno
706 1541 829 1584 scaenae
850 1522 950 1583 indice
972 1523 1182 1603 comperimus,

135 1599 207 1693 choro
226 1625 264 1668 ne
287 1626 465 1686 praeconem
488 1609 607 1686 quidem
628 1608 791 1669 indicante:
822 1616 856 1667 ut
881 1626 990 1668 nomen
1013 1609 1039 1669 ei
1062 1610 1113 1689 qui
1135 1609 1182 1669 in·

135 1681 226 1751 dicolos
252 1691 392 1770 apposuit
423 1692 522 1753 deberi
551 1693 693 1768 conicias;
722 1693 855 1753 omnium
884 1710 953 1752 vero
975 1692 1182 1754 molestissime

134 1764 257 1854 Tdthphii
279 1777 478 1838 narrationem
501 1795 527 1836 v.
543 1780 604 1840 203
621 1777 752 1857 Pyrrhus
770 1784 799 1837 et
814 1779 1015 1854 Agamemnon
1032 1777 1183 1856 excipiunt

133 1864 177 1915 hcc
195 1860 320 1922 nnuuati
341 1880 398 1922 nee
420 1862 456 1922 de
477 1871 570 1923 semet
590 1863 663 1941 ipsis
681 1862 839 1941 quicquam
853 1869 1021 1934 monentes,
1042 1880 1110 1922 cum
1125 1862 1183 1923 hoc

131 1929 184 2001 loco
202 1945 348 2006 canticum
369 1964 395 2005 v.
412 1947 472 2009 371
496 1946 641 2009 insertum
663 1956 764 2027 aptum
787 1945 885 2006 locum
907 1944 1052 2005 habuerit.

198 2039 285 2092 restat
307 2030 415 2110 duplex
433 2031 553 2104 chorus,
577 2031 735 2092 mulierum
750 2031 922 2109 Argivarum
940 2030 1013 2090 alter
1027 2031 1100 2092 alter
1114 2030 1182 2093 llia-

129 2098 195 2187 dom,
215 2134 303 2194 quem
325 2134 387 2176 non
410 2124 510 2177 tuetur
532 2116 649 2195 quidem
671 2114 808 2177 Herculis
824 2114 924 2175 Oetaei
947 2116 1114 2193 exemplum
1130 2116 1182 2177 sed

125 2194 186 2258 snos
205 2208 324 2261 excusat
344 2201 512 2278 argumenti
534 2214 653 2261 natura:
678 2218 745 2261 nam
762 2219 817 2260 nec
832 2199 868 2259 ab
882 2199 967 2259 initio
983 2199 1183 2280 inducipote·

123 2281 183 2342 rant
194 2282 294 2345 lliades
309 2303 365 2345 uec
380 2294 467 2364 poeta
483 2284 599 2363 qualem
615 2285 750 2345 novimus
766 2285 900 2345 omittere
914 2285 1038 2345 chorum
1053 2285 1181 2347 debilem

121 2364 149 2416 ⁰1
167 2369 325 2430 condendis
348 2369 528 2430 carminibus
550 2389 611 2431 uon
634 2369 762 2430 multum
785 2369 894 2447 negotii
917 2369 1116 2448 praebentem.

196 2453 335 2533 deinceps
358 2464 391 2514 ut
412 2454 446 2514 ad
463 2472 496 2514 ea
513 2455 719 2532 aggrediamur
732 2473 808 2532 quae
822 2473 870 2514 res
885 2454 1020 2515 metricas
1036 2464 1180 2534 spectant,

116 2517 151 2585 de
165 2537 337 2615 quibusdam
351 2538 468 2599 monuit
482 2539 515 2598 B.
530 2539 722 2613 Schmidtius‚
745 2548 779 2598 ut
799 2538 852 2616 qui
866 2537 970 2598 viderit
985 2557 1101 2600 versum
1118 2541 1177 2604 787

315 2623 500 2685 dulculabat
521 2629 634 2695 monice,
657 2623 767 2702 semodi
787 2622 913 2693 attollite,

113 2703 192 2768 quod
219 2705 255 2767 ad
283 2705 392 2767 locum
412 2726 515 2769 versus
543 2708 647 2769 attinet
674 2709 705 2776 in
734 2726 793 2786 quo
822 2707 1005 2786 anapaestica
1034 2726 1089 2768 vox
1112 2726 1180 2768 cum

111 2787 245 2866 ⁸0quenti
260 2791 413 2867 coaluerit,
428 2793 578 2871 singulare
593 2793 759 2872 exemplum
771 2810 835 2853 esse
848 2795 891 2871 (p.
907 2793 974 2868 23);
991 2792 1060 2853 item
1075 2811 1101 2851 v.
1118 2794 1181 2857 684

105 2866 206 2953 Ptlopo
227 2877 350 2937 audaces
372 2876 574 2955 anapaesticae
597 2878 676 2938 vocis
698 2877 728 2937 in
751 2876 885 2938 versibus
902 2877 1095 2956 anapaesticis
1113 2896 1180 2938 coa-

110 2935 247 3020 locensis
268 2964 311 3040 (p.
326 2962 394 3038 28);
417 2969 568 3040 praeterea
586 2982 622 3023 ex
637 2962 679 3022 eis
694 2980 769 3039 quae
785 2980 814 3039 p.
831 2964 871 3024 52
887 2960 936 3023 ille
951 2961 1119 3040 composuit
1133 2981 1180 3023 se-

110 3039 210 3106 oniam
230 3044 262 3105 in
279 3047 500 3122 Agamemnone
521 3046 583 3106 sola
605 3056 796 3126 anapaestum
815 3047 845 3106 in
864 3045 988 3106 trimetri
1003 3047 1089 3107 tertio
1105 3046 1180 3125 pede

112 3125 173 3186 ¹lon
193 3128 355 3190 admissum
376 3147 457 3204 esse;
480 3131 609 3211 denique
631 3139 711 3192 recte
733 3130 803 3192 dicit
825 3133 867 3209 (p.
884 3133 937 3205 20)
951 3131 1101 3208 singulare
1115 3149 1181 3192 esse

111 3211 189 3276 <loco
211 3231 237 3272 v.
255 3215 317 3277 784
338 3215 517 3294 synaloephe
539 3215 570 3276 in
592 3215 729 3295 personis
751 3215 899 3276 mutandis
920 3213 1018 3275 locum
1041 3214 1143 3275 habet:

195 3299 250 3376 Ag.
265 3300 355 3360 credis
375 3301 470 3360 oidme
485 3311 511 3360 te
525 3298 635 3362 lituro?
669 3298 747 3361 Cass.
765 3313 791 3360 et
807 3299 959 3360 Priamum
973 3297 1061 3360 simol

111 3382 198 3446 (luam
226 3383 360 3444 excusari
387 3383 536 3446 licentiam
564 3402 670 3462 graeco
695 3385 815 3445 nomine
837 3383 886 3444 alii
907 3381 1044 3443 viderunt
1066 3382 1180 3464 etipse

111 3465 213 3525 monui
233 3486 258 3528 s.
275 3486 305 3546 p.
322 3470 362 3529 59
384 3469 451 3529 adn.
469 3471 498 3531 8.

196 3551 248 3612 sed
268 3552 362 3613 multo
385 3553 533 3631 graviores
555 3553 706 3615 dubitandi
728 3571 831 3613 causas
853 3571 869 3612 e
891 3551 1013 3612 canticis
1031 3553 1085 3614 viri
1101 3553 1178 3613 docti

110 3634 274 3713 lltonsrpsere.
303 3637 334 3696 in
358 3637 467 3716 quihus
489 3648 560 3700 sunt
582 3657 658 3717 quae
679 3656 695 3698 a
717 3637 897 3716 reliquarum
920 3636 1084 3699 fabularum
1107 3656 1179 3698 con·

108 3717 265 3793 puertiae
287 3722 457 3802 discrepent
480 3741 535 3783 nec
556 3741 649 3803 pauca
671 3740 727 3784 nec
748 3720 831 3782 levia.
868 3739 901 3782 ac
916 3721 1045 3802 primum
1060 3721 1180 3801 quidem

107 3800 145 3853 ¹¹1
166 3803 378 3881 Agamemnone
400 3818 517 3886 praeter
538 3815 712 3886 anapaestos
734 3816 762 3867 et
782 3806 941 3867 mixtorum
956 3807 1102 3885 quandam
1116 3825 1179 3867 me-

106 3874 225 3948 trorum
246 3891 415 3970 congeriem
437 3891 637 3970 iambicosque
660 3892 799 3952 dimetros
822 3909 838 3951 a
860 3891 1021 3952 Cassandra
1043 3909 1179 3969 pronun·

170 3990 206 4036 lec
218 3995 245 4039 da
257 3997 351 4040 &necea
363 3998 490 4048 tragoediis.
962 3992 976 4040 7
