<?xml version="1.0" encoding="UTF-8"?>
<!DOCTYPE html PUBLIC "-//W3C//DTD XHTML 1.0 Transitional//EN"
    "http://www.w3.org/TR/xhtml1/DTD/xhtml1-transitional.dtd">
<html xmlns="http://www.w3.org/1999/xhtml" xml:lang="en" lang="en">
 <head>
  <title>
</title>
<meta http-equiv="Content-Type" content="text/html;charset=utf-8" />
  <meta name='ocr-system' content='tesseract 3.04.00' />
  <meta name='ocr-capabilities' content='ocr_page ocr_carea ocr_par ocr_line ocrx_word'/>
</head>
<body>
  <div class='ocr_page' id='page_1' title='image "./tragoediae00leogoog_0439.png"; bbox 0 0 2580 4366; ppageno 0'>
   <div class='ocr_carea' id='block_1_1' title="bbox 127 172 812 274">
    <p class='ocr_par' dir='ltr' id='par_1_1' title="bbox 127 172 812 274">
     <span class='ocr_line' id='line_1_1' title="bbox 581 172 587 199; baseline 0 0"><span class='ocrx_word' id='word_1_1' title='bbox 581 172 587 199; x_wconf 89' lang='lat' dir='ltr'><strong>l</strong></span> 
     </span>
     <span class='ocr_line' id='line_1_2' title="bbox 127 212 812 274; baseline 0 -2"><span class='ocrx_word' id='word_1_2' title='bbox 127 212 187 274; x_wconf 77' lang='lat'><strong>156</strong></span> <span class='ocrx_word' id='word_1_3' title='bbox 508 231 537 271; x_wconf 78' lang='lat' dir='ltr'><strong>n.</strong></span> <span class='ocrx_word' id='word_1_4' title='bbox 559 230 665 273; x_wconf 77' lang='lat' dir='ltr'><strong>auram</strong></span> <span class='ocrx_word' id='word_1_5' title='bbox 686 230 812 274; x_wconf 76' lang='lat' dir='ltr'><strong>scurcula</strong></span> 
     </span>
    </p>
   </div>
   <div class='ocr_carea' id='block_1_2' title="bbox 104 379 840 1632">
    <p class='ocr_par' dir='ltr' id='par_1_2' title="bbox 104 379 840 1632">
     <span class='ocr_line' id='line_1_3' title="bbox 209 379 738 460; baseline 0.009 -22"><span class='ocrx_word' id='word_1_6' title='bbox 209 379 292 439; x_wconf 90' lang='lat' dir='ltr'><strong>ocior</strong></span> <span class='ocrx_word' id='word_1_7' title='bbox 314 398 434 442; x_wconf 88' lang='lat' dir='ltr'><strong>cursum</strong></span> <span class='ocrx_word' id='word_1_8' title='bbox 456 382 591 460; x_wconf 83' lang='lat' dir='ltr'><strong>rapiente</strong></span> <span class='ocrx_word' id='word_1_9' title='bbox 612 383 738 456; x_wconf 87' lang='lat' dir='ltr'><strong>flamma,</strong></span> 
     </span>
     <span class='ocr_line' id='line_1_4' title="bbox 208 463 750 545; baseline 0.006 -20"><span class='ocrx_word' id='word_1_10' title='bbox 208 463 291 525; x_wconf 87' lang='lat' dir='ltr'><strong>stella</strong></span> <span class='ocrx_word' id='word_1_11' title='bbox 313 483 382 526; x_wconf 91' lang='lat' dir='ltr'><strong>cum</strong></span> <span class='ocrx_word' id='word_1_12' title='bbox 401 468 496 527; x_wconf 88' lang='lat' dir='ltr'><strong>ventis</strong></span> <span class='ocrx_word' id='word_1_13' title='bbox 519 467 624 545; x_wconf 88' lang='lat' dir='ltr'><strong>agitata</strong></span> <span class='ocrx_word' id='word_1_14' title='bbox 644 467 750 545; x_wconf 89' lang='lat' dir='ltr'><strong>longos</strong></span> 
     </span>
     <span class='ocr_line' id='line_1_5' title="bbox 293 551 534 629; baseline 0.008 -19"><span class='ocrx_word' id='word_1_15' title='bbox 293 551 420 629; x_wconf 86' lang='lat' dir='ltr'><strong>porrigit</strong></span> <span class='ocrx_word' id='word_1_16' title='bbox 441 552 534 628; x_wconf 89' lang='lat' dir='ltr'><strong>ignes.</strong></span> 
     </span>
     <span class='ocr_line' id='line_1_6' title="bbox 210 635 840 716; baseline 0.002 -22"><span class='ocrx_word' id='word_1_17' title='bbox 210 635 343 696; x_wconf 90' lang='lat' dir='ltr'><strong>conferat</strong></span> <span class='ocrx_word' id='word_1_18' title='bbox 364 645 462 697; x_wconf 87' lang='lat' dir='ltr'><strong>tecum</strong></span> <span class='ocrx_word' id='word_1_19' title='bbox 485 637 576 698; x_wconf 88' lang='lat' dir='ltr'><strong>decus</strong></span> <span class='ocrx_word' id='word_1_20' title='bbox 598 654 687 696; x_wconf 91' lang='lat' dir='ltr'><strong>omne</strong></span> <span class='ocrx_word' id='word_1_21' title='bbox 709 636 840 716; x_wconf 90' lang='lat' dir='ltr'><strong>priscum</strong></span> 
     </span>
     <span class='ocr_line' id='line_1_7' title="bbox 153 720 686 794; baseline 0.004 -15"><span class='ocrx_word' id='word_1_22' title='bbox 153 788 156 794; x_wconf 25' lang='lat'><strong>¹</strong></span> <span class='ocrx_word' id='word_1_23' title='bbox 207 721 283 780; x_wconf 91' lang='lat' dir='ltr'><strong>fama</strong></span> <span class='ocrx_word' id='word_1_24' title='bbox 305 721 438 782; x_wconf 82' lang='lat' dir='ltr'><strong>miratrix</strong></span> <span class='ocrx_word' id='word_1_25' title='bbox 460 720 587 783; x_wconf 89' lang='lat' dir='ltr'><strong>senioris</strong></span> <span class='ocrx_word' id='word_1_26' title='bbox 609 722 686 781; x_wconf 87' lang='lat' dir='ltr'><strong>aevi:</strong></span> 
     </span>
     <span class='ocr_line' id='line_1_8' title="bbox 208 804 766 884; baseline 0.004 -20"><span class='ocrx_word' id='word_1_27' title='bbox 208 804 363 884; x_wconf 82' lang='lat' dir='ltr'><strong>pulchrior</strong></span> <span class='ocrx_word' id='word_1_28' title='bbox 383 814 465 867; x_wconf 87' lang='lat' dir='ltr'><strong>tanto</strong></span> <span class='ocrx_word' id='word_1_29' title='bbox 488 815 538 868; x_wconf 85' lang='lat' dir='ltr'><strong>tua</strong></span> <span class='ocrx_word' id='word_1_30' title='bbox 560 807 655 867; x_wconf 92' lang='lat' dir='ltr'><strong>forma</strong></span> <span class='ocrx_word' id='word_1_31' title='bbox 677 805 766 878; x_wconf 80' lang='lat' dir='ltr'><strong>lucet,</strong></span> 
     </span>
     <span class='ocr_line' id='line_1_9' title="bbox 209 890 765 971; baseline 0.004 -22"><span class='ocrx_word' id='word_1_32' title='bbox 209 890 317 950; x_wconf 90' lang='lat' dir='ltr'><strong>clarior</strong></span> <span class='ocrx_word' id='word_1_33' title='bbox 338 902 449 969; x_wconf 92' lang='lat' dir='ltr'><strong>quanto</strong></span> <span class='ocrx_word' id='word_1_34' title='bbox 471 892 561 952; x_wconf 81' lang='lat' dir='ltr'><strong>micat</strong></span> <span class='ocrx_word' id='word_1_35' title='bbox 582 890 654 952; x_wconf 90' lang='lat' dir='ltr'><strong>orbe</strong></span> <span class='ocrx_word' id='word_1_36' title='bbox 676 891 765 971; x_wconf 88' lang='lat' dir='ltr'><strong>pleno</strong></span> 
     </span>
     <span class='ocr_line' id='line_1_10' title="bbox 210 976 745 1055; baseline 0.002 -20"><span class='ocrx_word' id='word_1_37' title='bbox 210 993 277 1035; x_wconf 94' lang='lat' dir='ltr'><strong>cum</strong></span> <span class='ocrx_word' id='word_1_38' title='bbox 300 994 371 1036; x_wconf 91' lang='lat' dir='ltr'><strong>suos</strong></span> <span class='ocrx_word' id='word_1_39' title='bbox 394 976 479 1055; x_wconf 90' lang='lat' dir='ltr'><strong>ignes</strong></span> <span class='ocrx_word' id='word_1_40' title='bbox 500 985 627 1038; x_wconf 80' lang='lat' dir='ltr'><strong>coeunte</strong></span> <span class='ocrx_word' id='word_1_41' title='bbox 649 983 745 1037; x_wconf 88' lang='lat' dir='ltr'><strong>cornu</strong></span> 
     </span>
     <span class='ocr_line' id='line_1_11' title="bbox 208 1060 810 1141; baseline 0.002 -22"><span class='ocrx_word' id='word_1_42' title='bbox 208 1060 306 1121; x_wconf 91' lang='lat' dir='ltr'><strong>iunxit</strong></span> <span class='ocrx_word' id='word_1_43' title='bbox 328 1071 357 1122; x_wconf 92' lang='lat' dir='ltr'><strong>et</strong></span> <span class='ocrx_word' id='word_1_44' title='bbox 379 1079 470 1122; x_wconf 90' lang='lat' dir='ltr'><strong>curru</strong></span> <span class='ocrx_word' id='word_1_45' title='bbox 493 1068 672 1141; x_wconf 83' lang='lat' dir='ltr'><strong>properante</strong></span> <span class='ocrx_word' id='word_1_46' title='bbox 694 1079 810 1141; x_wconf 86' lang='lat' dir='ltr'><strong>pernox</strong></span> 
     </span>
     <span class='ocr_line' id='line_1_12' title="bbox 210 1145 752 1207; baseline 0.004 -3"><span class='ocrx_word' id='word_1_47' title='bbox 210 1145 303 1205; x_wconf 86' lang='lat' dir='ltr'><strong>exerit</strong></span> <span class='ocrx_word' id='word_1_48' title='bbox 324 1146 422 1207; x_wconf 89' lang='lat' dir='ltr'><strong>vultus</strong></span> <span class='ocrx_word' id='word_1_49' title='bbox 444 1145 610 1207; x_wconf 92' lang='lat' dir='ltr'><strong>rubicunda</strong></span> <span class='ocrx_word' id='word_1_50' title='bbox 632 1146 752 1207; x_wconf 88' lang='lat' dir='ltr'><strong>Phoebe</strong></span> 
     </span>
     <span class='ocr_line' id='line_1_13' title="bbox 210 1231 809 1305; baseline 0.002 -15"><span class='ocrx_word' id='word_1_51' title='bbox 210 1249 266 1291; x_wconf 90' lang='lat' dir='ltr'><strong>nec</strong></span> <span class='ocrx_word' id='word_1_52' title='bbox 287 1239 391 1291; x_wconf 89' lang='lat' dir='ltr'><strong>tenent</strong></span> <span class='ocrx_word' id='word_1_53' title='bbox 413 1231 512 1292; x_wconf 90' lang='lat' dir='ltr'><strong>stellae</strong></span> <span class='ocrx_word' id='word_1_54' title='bbox 536 1232 640 1292; x_wconf 91' lang='lat' dir='ltr'><strong>faciem</strong></span> <span class='ocrx_word' id='word_1_55' title='bbox 663 1232 809 1305; x_wconf 83' lang='lat' dir='ltr'><strong>minores3</strong></span> 
     </span>
     <span class='ocr_line' id='line_1_14' title="bbox 104 1314 810 1394; baseline 0.003 -20"><span class='ocrx_word' id='word_1_56' title='bbox 104 1361 107 1366; x_wconf 91' lang='lat'>.</span> <span class='ocrx_word' id='word_1_57' title='bbox 210 1314 275 1375; x_wconf 91' lang='lat' dir='ltr'><strong>talis</strong></span> <span class='ocrx_word' id='word_1_58' title='bbox 298 1323 352 1388; x_wconf 80' lang='lat' dir='ltr'><strong>est,</strong></span> <span class='ocrx_word' id='word_1_59' title='bbox 375 1316 486 1394; x_wconf 93' lang='lat' dir='ltr'><strong>primas</strong></span> <span class='ocrx_word' id='word_1_60' title='bbox 508 1317 641 1384; x_wconf 85' lang='lat' dir='ltr'><strong>referens</strong></span> <span class='ocrx_word' id='word_1_61' title='bbox 662 1316 810 1389; x_wconf 82' lang='lat' dir='ltr'><strong>tenebras,</strong></span> 
     </span>
     <span class='ocr_line' id='line_1_15' title="bbox 209 1399 785 1475; baseline 0.002 -15"><span class='ocrx_word' id='word_1_62' title='bbox 209 1399 334 1461; x_wconf 89' lang='lat' dir='ltr'><strong>nuntius</strong></span> <span class='ocrx_word' id='word_1_63' title='bbox 357 1402 462 1475; x_wconf 78' lang='lat' dir='ltr'><strong>noctiS,</strong></span> <span class='ocrx_word' id='word_1_64' title='bbox 484 1402 573 1462; x_wconf 91' lang='lat' dir='ltr'><strong>modo</strong></span> <span class='ocrx_word' id='word_1_65' title='bbox 596 1401 675 1462; x_wconf 87' lang='lat' dir='ltr'><strong>lotus</strong></span> <span class='ocrx_word' id='word_1_66' title='bbox 697 1401 785 1462; x_wconf 87' lang='lat' dir='ltr'><strong>undis</strong></span> 
     </span>
     <span class='ocr_line' id='line_1_16' title="bbox 210 1484 774 1565; baseline 0.004 -21"><span class='ocrx_word' id='word_1_67' title='bbox 210 1484 373 1564; x_wconf 70' lang='lat' dir='ltr'><strong>Hesperus</strong></span> <span class='ocrx_word' id='word_1_68' title='bbox 396 1485 490 1565; x_wconf 91' lang='lat' dir='ltr'><strong>pulsis</strong></span> <span class='ocrx_word' id='word_1_69' title='bbox 512 1487 619 1548; x_wconf 91' lang='lat' dir='ltr'><strong>iterum</strong></span> <span class='ocrx_word' id='word_1_70' title='bbox 643 1487 774 1548; x_wconf 88' lang='lat' dir='ltr'><strong>tenebris</strong></span> 
     </span>
     <span class='ocr_line' id='line_1_17' title="bbox 295 1569 524 1632; baseline 0.004 -2"><span class='ocrx_word' id='word_1_71' title='bbox 295 1569 415 1631; x_wconf 80' lang='lat' dir='ltr'><strong>Lucifer</strong></span> <span class='ocrx_word' id='word_1_72' title='bbox 437 1571 524 1632; x_wconf 91' lang='lat' dir='ltr'><strong>idem.</strong></span> 
     </span>
    </p>
   </div>
   <div class='ocr_carea' id='block_1_3' title="bbox 209 1755 929 2430">
    <p class='ocr_par' dir='ltr' id='par_1_3' title="bbox 210 1755 784 1836">
     <span class='ocr_line' id='line_1_18' title="bbox 210 1755 784 1836; baseline 0 -20"><span class='ocrx_word' id='word_1_73' title='bbox 210 1756 248 1816; x_wconf 90' lang='lat' dir='ltr'><strong>Et</strong></span> <span class='ocrx_word' id='word_1_74' title='bbox 270 1766 313 1831; x_wconf 87' lang='lat' dir='ltr'><strong>tu,</strong></span> <span class='ocrx_word' id='word_1_75' title='bbox 335 1756 499 1836; x_wconf 84' lang='lat' dir='ltr'><strong>thyrsigera</strong></span> <span class='ocrx_word' id='word_1_76' title='bbox 521 1756 610 1816; x_wconf 90' lang='lat' dir='ltr'><strong>Liber</strong></span> <span class='ocrx_word' id='word_1_77' title='bbox 632 1756 668 1817; x_wconf 91' lang='lat' dir='ltr'><strong>ab</strong></span> <span class='ocrx_word' id='word_1_78' title='bbox 691 1755 784 1829; x_wconf 88' lang='lat' dir='ltr'><strong>ludia,</strong></span> 
     </span>
    </p>

    <p class='ocr_par' dir='ltr' id='par_1_4' title="bbox 210 1840 785 1921">
     <span class='ocr_line' id='line_1_19' title="bbox 210 1840 785 1921; baseline 0 -20"><span class='ocrx_word' id='word_1_79' title='bbox 210 1840 329 1901; x_wconf 87' lang='lat' dir='ltr'><strong>intonsa</strong></span> <span class='ocrx_word' id='word_1_80' title='bbox 350 1841 465 1902; x_wconf 88' lang='lat' dir='ltr'><strong>iuvenis</strong></span> <span class='ocrx_word' id='word_1_81' title='bbox 488 1851 667 1921; x_wconf 89' lang='lat' dir='ltr'><strong>perpetuum</strong></span> <span class='ocrx_word' id='word_1_82' title='bbox 691 1859 785 1915; x_wconf 79' lang='lat' dir='ltr'><strong>coma,</strong></span> 
     </span>
    </p>

    <p class='ocr_par' dir='ltr' id='par_1_5' title="bbox 211 1925 786 2006">
     <span class='ocr_line' id='line_1_20' title="bbox 211 1925 786 2006; baseline 0.002 -21"><span class='ocrx_word' id='word_1_83' title='bbox 211 1925 300 2002; x_wconf 85' lang='lat' dir='ltr'><strong>tigres</strong></span> <span class='ocrx_word' id='word_1_84' title='bbox 323 1927 481 2006; x_wconf 89' lang='lat' dir='ltr'><strong>pampinea</strong></span> <span class='ocrx_word' id='word_1_85' title='bbox 503 1927 625 2006; x_wconf 88' lang='lat' dir='ltr'><strong>cuspide</strong></span> <span class='ocrx_word' id='word_1_86' title='bbox 647 1927 786 1987; x_wconf 88' lang='lat' dir='ltr'><strong>territans</strong></span> 
     </span>
    </p>

    <p class='ocr_par' dir='ltr' id='par_1_6' title="bbox 210 2011 854 2176">
     <span class='ocr_line' id='line_1_21' title="bbox 211 2011 854 2092; baseline 0.002 -20"><span class='ocrx_word' id='word_1_87' title='bbox 211 2029 244 2072; x_wconf 89' lang='lat' dir='ltr'><strong>ac</strong></span> <span class='ocrx_word' id='word_1_88' title='bbox 267 2011 353 2072; x_wconf 90' lang='lat' dir='ltr'><strong>mitra</strong></span> <span class='ocrx_word' id='word_1_89' title='bbox 376 2012 519 2072; x_wconf 87' lang='lat' dir='ltr'><strong>cohibens</strong></span> <span class='ocrx_word' id='word_1_90' title='bbox 543 2011 733 2089; x_wconf 88' lang='lat' dir='ltr'><strong>cornigerum</strong></span> <span class='ocrx_word' id='word_1_91' title='bbox 756 2021 854 2092; x_wconf 88' lang='lat' dir='ltr'><strong>caput,</strong></span> 
     </span>
     <span class='ocr_line' id='line_1_22' title="bbox 210 2095 834 2176; baseline 0.002 -20"><span class='ocrx_word' id='word_1_92' title='bbox 210 2114 272 2157; x_wconf 92' lang='lat' dir='ltr'><strong>non</strong></span> <span class='ocrx_word' id='word_1_93' title='bbox 294 2096 395 2158; x_wconf 85' lang='lat' dir='ltr'><strong>vinces</strong></span> <span class='ocrx_word' id='word_1_94' title='bbox 418 2096 527 2175; x_wconf 89' lang='lat' dir='ltr'><strong>rigidas</strong></span> <span class='ocrx_word' id='word_1_95' title='bbox 549 2095 702 2176; x_wconf 82' lang='lat' dir='ltr'><strong>Hippolyti</strong></span> <span class='ocrx_word' id='word_1_96' title='bbox 725 2115 834 2159; x_wconf 92' lang='lat' dir='ltr'><strong>comas.</strong></span> 
     </span>
    </p>

    <p class='ocr_par' dir='ltr' id='par_1_7' title="bbox 211 2180 792 2260">
     <span class='ocr_line' id='line_1_23' title="bbox 211 2180 792 2260; baseline 0.005 -19"><span class='ocrx_word' id='word_1_97' title='bbox 211 2199 249 2241; x_wconf 93' lang='lat' dir='ltr'><strong>ne</strong></span> <span class='ocrx_word' id='word_1_98' title='bbox 272 2180 369 2242; x_wconf 91' lang='lat' dir='ltr'><strong>vultus</strong></span> <span class='ocrx_word' id='word_1_99' title='bbox 393 2181 518 2242; x_wconf 91' lang='lat' dir='ltr'><strong>nimium</strong></span> <span class='ocrx_word' id='word_1_100' title='bbox 540 2180 686 2260; x_wconf 89' lang='lat' dir='ltr'><strong>suspicias</strong></span> <span class='ocrx_word' id='word_1_101' title='bbox 708 2188 792 2244; x_wconf 88' lang='lat' dir='ltr'><strong>tuos:</strong></span> 
     </span>
    </p>

    <p class='ocr_par' dir='ltr' id='par_1_8' title="bbox 209 2266 929 2430">
     <span class='ocr_line' id='line_1_24' title="bbox 210 2266 806 2345; baseline 0.007 -21"><span class='ocrx_word' id='word_1_102' title='bbox 210 2283 314 2325; x_wconf 91' lang='lat' dir='ltr'><strong>omnes</strong></span> <span class='ocrx_word' id='word_1_103' title='bbox 337 2285 392 2344; x_wconf 91' lang='lat' dir='ltr'><strong>per</strong></span> <span class='ocrx_word' id='word_1_104' title='bbox 412 2266 541 2345; x_wconf 91' lang='lat' dir='ltr'><strong>populos</strong></span> <span class='ocrx_word' id='word_1_105' title='bbox 563 2266 662 2327; x_wconf 92' lang='lat' dir='ltr'><strong>fabula</strong></span> <span class='ocrx_word' id='word_1_106' title='bbox 684 2266 806 2343; x_wconf 87' lang='lat' dir='ltr'><strong>distulit,</strong></span> 
     </span>
     <span class='ocr_line' id='line_1_25' title="bbox 209 2348 929 2430; baseline 0.003 -21"><span class='ocrx_word' id='word_1_107' title='bbox 209 2348 360 2411; x_wconf 87' lang='lat' dir='ltr'><strong>Phaedrae</strong></span> <span class='ocrx_word' id='word_1_108' title='bbox 384 2370 472 2430; x_wconf 91' lang='lat' dir='ltr'><strong>quem</strong></span> <span class='ocrx_word' id='word_1_109' title='bbox 493 2351 613 2412; x_wconf 89' lang='lat' dir='ltr'><strong>Bromio</strong></span> <span class='ocrx_word' id='word_1_110' title='bbox 636 2352 812 2430; x_wconf 91' lang='lat' dir='ltr'><strong>praetulerit</strong></span> <span class='ocrx_word' id='word_1_111' title='bbox 835 2369 929 2413; x_wconf 89' lang='lat' dir='ltr'><strong>soror.</strong></span> 
     </span>
    </p>
   </div>
   <div class='ocr_carea' id='block_1_4' title="bbox 123 2537 854 3467">
    <p class='ocr_par' dir='ltr' id='par_1_9' title="bbox 123 2537 854 3467">
     <span class='ocr_line' id='line_1_26' title="bbox 254 2537 830 2616; baseline 0.003 -18"><span class='ocrx_word' id='word_1_112' title='bbox 254 2538 371 2616; x_wconf 79' lang='lat' dir='ltr'><strong>Anceps</strong></span> <span class='ocrx_word' id='word_1_113' title='bbox 395 2538 488 2597; x_wconf 93' lang='lat' dir='ltr'><strong>forma</strong></span> <span class='ocrx_word' id='word_1_114' title='bbox 511 2538 624 2600; x_wconf 91' lang='lat' dir='ltr'><strong>bonum</strong></span> <span class='ocrx_word' id='word_1_115' title='bbox 646 2537 830 2615; x_wconf 68' lang='lat' dir='ltr'><strong>mortalibus</strong></span> 
     </span>
     <span class='ocr_line' id='line_1_27' title="bbox 253 2621 776 2702; baseline -0.002 -19"><span class='ocrx_word' id='word_1_116' title='bbox 253 2622 352 2700; x_wconf 88' lang='lat' dir='ltr'><strong>exigui</strong></span> <span class='ocrx_word' id='word_1_117' title='bbox 376 2621 486 2682; x_wconf 90' lang='lat' dir='ltr'><strong>donum</strong></span> <span class='ocrx_word' id='word_1_118' title='bbox 509 2622 598 2683; x_wconf 90' lang='lat' dir='ltr'><strong>breve</strong></span> <span class='ocrx_word' id='word_1_119' title='bbox 622 2623 776 2702; x_wconf 84' lang='lat' dir='ltr'><strong>temporis,</strong></span> 
     </span>
     <span class='ocr_line' id='line_1_28' title="bbox 252 2706 748 2788; baseline 0.004 -22"><span class='ocrx_word' id='word_1_120' title='bbox 252 2715 285 2766; x_wconf 94' lang='lat' dir='ltr'><strong>ut</strong></span> <span class='ocrx_word' id='word_1_121' title='bbox 307 2707 390 2767; x_wconf 91' lang='lat' dir='ltr'><strong>velox</strong></span> <span class='ocrx_word' id='word_1_122' title='bbox 412 2707 502 2769; x_wconf 89' lang='lat' dir='ltr'><strong>celeri</strong></span> <span class='ocrx_word' id='word_1_123' title='bbox 524 2708 599 2788; x_wconf 87' lang='lat' dir='ltr'><strong>pede</strong></span> <span class='ocrx_word' id='word_1_124' title='bbox 625 2706 748 2769; x_wconf 82' lang='lat' dir='ltr'><strong>laberis!</strong></span> 
     </span>
     <span class='ocr_line' id='line_1_29' title="bbox 210 2791 787 2871; baseline 0 -18"><span class='ocrx_word' id='word_1_125' title='bbox 210 2811 271 2853; x_wconf 93' lang='lat' dir='ltr'><strong>non</strong></span> <span class='ocrx_word' id='word_1_126' title='bbox 294 2791 337 2853; x_wconf 91' lang='lat' dir='ltr'><strong>sic</strong></span> <span class='ocrx_word' id='word_1_127' title='bbox 359 2801 441 2871; x_wconf 90' lang='lat' dir='ltr'><strong>prata</strong></span> <span class='ocrx_word' id='word_1_128' title='bbox 465 2810 541 2853; x_wconf 91' lang='lat' dir='ltr'><strong>novo</strong></span> <span class='ocrx_word' id='word_1_129' title='bbox 563 2810 632 2853; x_wconf 89' lang='lat' dir='ltr'><strong>vere</strong></span> <span class='ocrx_word' id='word_1_130' title='bbox 654 2791 787 2853; x_wconf 88' lang='lat' dir='ltr'><strong>decentia</strong></span> 
     </span>
     <span class='ocr_line' id='line_1_30' title="bbox 123 2875 750 2961; baseline -0.002 -23"><span class='ocrx_word' id='word_1_131' title='bbox 123 2875 125 2881; x_wconf 82' lang='lat'>&#39;</span> <span class='ocrx_word' id='word_1_132' title='bbox 209 2877 328 2939; x_wconf 88' lang='lat' dir='ltr'><strong>aestatis</strong></span> <span class='ocrx_word' id='word_1_133' title='bbox 350 2876 460 2938; x_wconf 90' lang='lat' dir='ltr'><strong>calidae</strong></span> <span class='ocrx_word' id='word_1_134' title='bbox 483 2876 627 2955; x_wconf 88' lang='lat' dir='ltr'><strong>despoliat</strong></span> <span class='ocrx_word' id='word_1_135' title='bbox 650 2895 750 2961; x_wconf 89' lang='lat' dir='ltr'><strong>vapor,</strong></span> 
     </span>
     <span class='ocr_line' id='line_1_31' title="bbox 209 2961 759 3024; baseline 0 -1"><span class='ocrx_word' id='word_1_136' title='bbox 209 2962 299 3023; x_wconf 89' lang='lat' dir='ltr'><strong>saevit</strong></span> <span class='ocrx_word' id='word_1_137' title='bbox 320 2961 446 3023; x_wconf 88' lang='lat' dir='ltr'><strong>solstitio</strong></span> <span class='ocrx_word' id='word_1_138' title='bbox 470 2980 537 3022; x_wconf 92' lang='lat' dir='ltr'><strong>cum</strong></span> <span class='ocrx_word' id='word_1_139' title='bbox 560 2961 674 3022; x_wconf 91' lang='lat' dir='ltr'><strong>medius</strong></span> <span class='ocrx_word' id='word_1_140' title='bbox 696 2962 759 3024; x_wconf 92' lang='lat' dir='ltr'><strong>dies</strong></span> 
     </span>
     <span class='ocr_line' id='line_1_32' title="bbox 210 3045 854 3127; baseline -0.002 -18"><span class='ocrx_word' id='word_1_141' title='bbox 210 3058 239 3110; x_wconf 89' lang='lat' dir='ltr'><strong>et</strong></span> <span class='ocrx_word' id='word_1_142' title='bbox 260 3056 363 3108; x_wconf 87' lang='lat' dir='ltr'><strong>noctes</strong></span> <span class='ocrx_word' id='word_1_143' title='bbox 385 3046 523 3108; x_wconf 90' lang='lat' dir='ltr'><strong>brevibus</strong></span> <span class='ocrx_word' id='word_1_144' title='bbox 545 3046 742 3127; x_wconf 89' lang='lat' dir='ltr'><strong>praecipitant</strong></span> <span class='ocrx_word' id='word_1_145' title='bbox 764 3045 854 3122; x_wconf 90' lang='lat' dir='ltr'><strong>rotis;</strong></span> 
     </span>
     <span class='ocr_line' id='line_1_33' title="bbox 209 3131 781 3211; baseline 0.002 -19"><span class='ocrx_word' id='word_1_146' title='bbox 209 3133 407 3210; x_wconf 87' lang='lat' dir='ltr'><strong>languescunt</strong></span> <span class='ocrx_word' id='word_1_147' title='bbox 429 3132 500 3193; x_wconf 91' lang='lat' dir='ltr'><strong>folio</strong></span> <span class='ocrx_word' id='word_1_148' title='bbox 523 3140 557 3193; x_wconf 88' lang='lat' dir='ltr'><strong>ut</strong></span> <span class='ocrx_word' id='word_1_149' title='bbox 579 3131 639 3192; x_wconf 90' lang='lat' dir='ltr'><strong>lilia</strong></span> <span class='ocrx_word' id='word_1_150' title='bbox 661 3132 781 3211; x_wconf 81' lang='lat' dir='ltr'><strong>pallido,</strong></span> 
     </span>
     <span class='ocr_line' id='line_1_34' title="bbox 211 3216 760 3296; baseline 0 -17"><span class='ocrx_word' id='word_1_151' title='bbox 211 3224 239 3279; x_wconf 91' lang='lat' dir='ltr'><strong>et</strong></span> <span class='ocrx_word' id='word_1_152' title='bbox 262 3225 360 3296; x_wconf 85' lang='lat' dir='ltr'><strong>gratae</strong></span> <span class='ocrx_word' id='word_1_153' title='bbox 383 3216 472 3296; x_wconf 86' lang='lat' dir='ltr'><strong>capiti</strong></span> <span class='ocrx_word' id='word_1_154' title='bbox 495 3217 636 3278; x_wconf 88' lang='lat' dir='ltr'><strong>deficiunt</strong></span> <span class='ocrx_word' id='word_1_155' title='bbox 659 3235 760 3279; x_wconf 92' lang='lat' dir='ltr'><strong>comae</strong></span> 
     </span>
     <span class='ocr_line' id='line_1_35' title="bbox 210 3301 788 3381; baseline -0.002 -18"><span class='ocrx_word' id='word_1_156' title='bbox 210 3311 240 3364; x_wconf 90' lang='lat' dir='ltr'><strong>et</strong></span> <span class='ocrx_word' id='word_1_157' title='bbox 261 3303 359 3380; x_wconf 81' lang='lat' dir='ltr'><strong>fulgor</strong></span> <span class='ocrx_word' id='word_1_158' title='bbox 381 3302 492 3363; x_wconf 86' lang='lat' dir='ltr'><strong>teneris</strong></span> <span class='ocrx_word' id='word_1_159' title='bbox 515 3302 566 3381; x_wconf 91' lang='lat' dir='ltr'><strong>qui</strong></span> <span class='ocrx_word' id='word_1_160' title='bbox 588 3301 682 3363; x_wconf 91' lang='lat' dir='ltr'><strong>radiat</strong></span> <span class='ocrx_word' id='word_1_161' title='bbox 704 3303 788 3381; x_wconf 88' lang='lat' dir='ltr'><strong>genis</strong></span> 
     </span>
     <span class='ocr_line' id='line_1_36' title="bbox 210 3387 829 3467; baseline -0.005 -19"><span class='ocrx_word' id='word_1_162' title='bbox 210 3396 360 3450; x_wconf 88' lang='lat' dir='ltr'><strong>momento</strong></span> <span class='ocrx_word' id='word_1_163' title='bbox 383 3387 497 3467; x_wconf 91' lang='lat' dir='ltr'><strong>rapitur</strong></span> <span class='ocrx_word' id='word_1_164' title='bbox 519 3387 659 3464; x_wconf 90' lang='lat' dir='ltr'><strong>nullaque</strong></span> <span class='ocrx_word' id='word_1_165' title='bbox 683 3406 744 3448; x_wconf 91' lang='lat' dir='ltr'><strong>non</strong></span> <span class='ocrx_word' id='word_1_166' title='bbox 768 3387 829 3448; x_wconf 88' lang='lat' dir='ltr'><strong>dies</strong></span> 
     </span>
    </p>
   </div>
   <div class='ocr_carea' id='block_1_5' title="bbox 859 2608 875 2649">
    <p class='ocr_par' dir='ltr' id='par_1_10' title="bbox 859 2608 875 2649">
     <span class='ocr_line' id='line_1_37' title="bbox 859 2608 875 2649; baseline 0 -10"><span class='ocrx_word' id='word_1_167' title='bbox 859 2608 875 2649; x_wconf 60' lang='lat' dir='ltr'><strong>a„</strong></span> 
     </span>
    </p>
   </div>
   <div class='ocr_carea' id='block_1_6' title="bbox 123 3616 1205 4011">
    <p class='ocr_par' dir='ltr' id='par_1_11' title="bbox 123 3616 1205 4011">
     <span class='ocr_line' id='line_1_38' title="bbox 210 3616 1205 3688; baseline -0.004 -16"><span class='ocrx_word' id='word_1_168' title='bbox 210 3625 260 3674; x_wconf 86' lang='grc'><strong>746</strong></span> <span class='ocrx_word' id='word_1_169' title='bbox 279 3622 382 3688; x_wconf 86' lang='lat' dir='ltr'><strong>corripit</strong></span> <span class='ocrx_word' id='word_1_170' title='bbox 399 3621 472 3688; x_wconf 85' lang='lat' dir='ltr'><strong>ignes</strong></span> <span class='ocrx_word' id='word_1_171' title='bbox 490 3622 515 3671; x_wconf 83' lang='lat' dir='ltr'><em>A</em></span> <span class='ocrx_word' id='word_1_172' title='bbox 571 3619 621 3673; x_wconf 87' lang='grc'><strong>747</strong></span> <span class='ocrx_word' id='word_1_173' title='bbox 641 3626 727 3673; x_wconf 84' lang='lat' dir='ltr'><strong>exeret</strong></span> <span class='ocrx_word' id='word_1_174' title='bbox 744 3621 769 3671; x_wconf 99' lang='grc' dir='ltr'><em>Ε</em></span> <span class='ocrx_word' id='word_1_175' title='bbox 830 3621 879 3672; x_wconf 84' lang='grc'><strong>749</strong></span> <span class='ocrx_word' id='word_1_176' title='bbox 897 3616 981 3684; x_wconf 81' lang='lat' dir='ltr'><strong>qualis</strong></span> <span class='ocrx_word' id='word_1_177' title='bbox 998 3617 1076 3671; x_wconf 85' lang='lat' dir='ltr'><strong>codd.</strong></span> <span class='ocrx_word' id='word_1_178' title='bbox 1094 3620 1205 3668; x_wconf 73' lang='lat' dir='ltr'><strong>corraei</strong></span> 
     </span>
     <span class='ocr_line' id='line_1_39' title="bbox 124 3687 1203 3755; baseline -0.003 -15"><span class='ocrx_word' id='word_1_179' title='bbox 124 3692 172 3742; x_wconf 82' lang='grc'><strong>766</strong></span> <span class='ocrx_word' id='word_1_180' title='bbox 191 3688 317 3755; x_wconf 84' lang='lat' dir='ltr'><strong>paupinea</strong></span> <span class='ocrx_word' id='word_1_181' title='bbox 341 3690 366 3740; x_wconf 93' lang='grc' dir='ltr'><em>Ε</em></span> <span class='ocrx_word' id='word_1_182' title='bbox 435 3692 484 3743; x_wconf 86' lang='grc'><strong>756</strong></span> <span class='ocrx_word' id='word_1_183' title='bbox 503 3691 598 3741; x_wconf 82' lang='lat' dir='ltr'><strong>necA</strong></span> <span class='ocrx_word' id='word_1_184' title='bbox 650 3693 700 3742; x_wconf 81' lang='grc'><strong>759</strong></span> <span class='ocrx_word' id='word_1_185' title='bbox 718 3689 801 3741; x_wconf 81' lang='lat' dir='ltr'><strong>omnis</strong></span> <span class='ocrx_word' id='word_1_186' title='bbox 818 3687 843 3737; x_wconf 92' lang='grc' dir='ltr'><em>Ε</em></span> <span class='ocrx_word' id='word_1_187' title='bbox 899 3689 949 3739; x_wconf 87' lang='grc'><strong>764</strong></span> <span class='ocrx_word' id='word_1_188' title='bbox 967 3699 1027 3737; x_wconf 87' lang='lat' dir='ltr'><strong>vere</strong></span> <span class='ocrx_word' id='word_1_189' title='bbox 1045 3700 1112 3737; x_wconf 86' lang='lat' dir='ltr'><strong>noro</strong></span> <span class='ocrx_word' id='word_1_190' title='bbox 1130 3690 1203 3752; x_wconf 82' lang='lat' dir='ltr'><strong>prata</strong></span> 
     </span>
     <span class='ocr_line' id='line_1_40' title="bbox 123 3752 1203 3826; baseline -0.004 -18"><span class='ocrx_word' id='word_1_191' title='bbox 123 3757 149 3808; x_wconf 81' lang='lat' dir='ltr'><em>A</em></span> <span class='ocrx_word' id='word_1_192' title='bbox 223 3760 272 3810; x_wconf 84' lang='grc'><strong>765</strong></span> <span class='ocrx_word' id='word_1_193' title='bbox 297 3757 460 3826; x_wconf 72' lang='grc' dir='ltr'><strong>ἀίεροίἰαῐς</strong></span> <span class='ocrx_word' id='word_1_194' title='bbox 550 3761 598 3812; x_wconf 92' lang='grc'><strong>767</strong></span> <span class='ocrx_word' id='word_1_195' title='bbox 622 3757 774 3824; x_wconf 83' lang='lat' dir='ltr'><strong>praecipitat</strong></span> <span class='ocrx_word' id='word_1_196' title='bbox 795 3755 873 3807; x_wconf 81' lang='lat' dir='ltr'><strong>codd.</strong></span> <span class='ocrx_word' id='word_1_197' title='bbox 904 3755 1024 3805; x_wconf 75' lang='lat' dir='ltr'><strong>eorrcoeit</strong></span> <span class='ocrx_word' id='word_1_198' title='bbox 1052 3752 1203 3804; x_wconf 71' lang='lat' dir='ltr'><strong>Gronovius</strong></span> 
     </span>
     <span class='ocr_line' id='line_1_41' title="bbox 123 3821 1204 3890; baseline -0.005 -14"><span class='ocrx_word' id='word_1_199' title='bbox 123 3827 174 3878; x_wconf 88' lang='grc'><strong>768</strong></span> <span class='ocrx_word' id='word_1_200' title='bbox 191 3829 221 3875; x_wconf 91' lang='lat' dir='ltr'><strong>ut</strong></span> <span class='ocrx_word' id='word_1_201' title='bbox 243 3840 294 3876; x_wconf 88' lang='lat' dir='ltr'><strong>om.</strong></span> <span class='ocrx_word' id='word_1_202' title='bbox 312 3827 338 3876; x_wconf 86' lang='grc' dir='ltr'><em>Α</em></span> <span class='ocrx_word' id='word_1_203' title='bbox 388 3828 439 3878; x_wconf 84' lang='grc'><strong>769</strong></span> <span class='ocrx_word' id='word_1_204' title='bbox 458 3825 579 3878; x_wconf 84' lang='lat' dir='ltr'><strong>deliciunt</strong></span> <span class='ocrx_word' id='word_1_205' title='bbox 595 3839 669 3877; x_wconf 86' lang='lat' dir='ltr'><strong>rosae</strong></span> <span class='ocrx_word' id='word_1_206' title='bbox 686 3827 711 3876; x_wconf 88' lang='lat' dir='ltr'><em>A</em></span> <span class='ocrx_word' id='word_1_207' title='bbox 769 3828 819 3878; x_wconf 91' lang='grc'><strong>776</strong></span> <span class='ocrx_word' id='word_1_208' title='bbox 837 3827 866 3875; x_wconf 92' lang='lat' dir='ltr'><strong>ut</strong></span> <span class='ocrx_word' id='word_1_209' title='bbox 884 3823 969 3890; x_wconf 82' lang='lat' dir='ltr'><strong>fulgor</strong></span> <span class='ocrx_word' id='word_1_210' title='bbox 987 3821 1063 3874; x_wconf 80' lang='lat' dir='ltr'><strong>codd.</strong></span> <span class='ocrx_word' id='word_1_211' title='bbox 1082 3825 1204 3872; x_wconf 67' lang='lat' dir='ltr'><strong>correxit</strong></span> 
     </span>
     <span class='ocr_line' id='line_1_42' title="bbox 123 3889 1201 3958; baseline -0.005 -14"><span class='ocrx_word' id='word_1_212' title='bbox 123 3891 263 3944; x_wconf 74' lang='lat' dir='ltr'><strong>llfcftterur</strong></span> <span class='ocrx_word' id='word_1_213' title='bbox 285 3893 343 3958; x_wconf 80' lang='lat' dir='ltr'><strong>(cod</strong></span> <span class='ocrx_word' id='word_1_214' title='bbox 366 3893 450 3945; x_wconf 81' lang='lat' dir='ltr'><strong>delato</strong></span> <span class='ocrx_word' id='word_1_215' title='bbox 469 3911 492 3947; x_wconf 88' lang='lat' dir='ltr'><strong>o.</strong></span> <span class='ocrx_word' id='word_1_216' title='bbox 512 3894 563 3946; x_wconf 85' lang='lat'><strong>768</strong></span> <span class='ocrx_word' id='word_1_217' title='bbox 581 3900 607 3944; x_wconf 81' lang='lat' dir='ltr'><strong>ct</strong></span> <span class='ocrx_word' id='word_1_218' title='bbox 629 3899 654 3945; x_wconf 88' lang='lat' dir='ltr'><strong>et</strong></span> <span class='ocrx_word' id='word_1_219' title='bbox 675 3896 705 3944; x_wconf 82' lang='lat' dir='ltr'><strong>fn</strong></span> <span class='ocrx_word' id='word_1_220' title='bbox 728 3898 757 3945; x_wconf 90' lang='lat' dir='ltr'><strong>ut</strong></span> <span class='ocrx_word' id='word_1_221' title='bbox 780 3897 883 3944; x_wconf 81' lang='lat' dir='ltr'><strong>mutato</strong></span> <span class='ocrx_word' id='word_1_222' title='bbox 901 3908 925 3944; x_wconf 85' lang='lat' dir='ltr'><strong>o.</strong></span> <span class='ocrx_word' id='word_1_223' title='bbox 944 3890 1013 3954; x_wconf 76' lang='lat'>769).</span> <span class='ocrx_word' id='word_1_224' title='bbox 1031 3918 1065 3928; x_wconf 94' lang='lat'>—</span> <span class='ocrx_word' id='word_1_225' title='bbox 1090 3889 1201 3956; x_wconf 84' lang='lat' dir='ltr'><strong>genis:i</strong></span> 
     </span>
     <span class='ocr_line' id='line_1_43' title="bbox 124 3961 234 4011; baseline -0.009 0"><span class='ocrx_word' id='word_1_226' title='bbox 124 3977 158 4011; x_wconf 71' lang='lat' dir='ltr'><strong>ecc</strong></span> <span class='ocrx_word' id='word_1_227' title='bbox 175 3975 192 4011; x_wconf 90' lang='lat' dir='ltr'><strong>u</strong></span> <span class='ocrx_word' id='word_1_228' title='bbox 210 3961 234 4010; x_wconf 95' lang='grc' dir='ltr'><em>Ε</em></span> 
     </span>
    </p>
   </div>
   <div class='ocr_carea' id='block_1_7' title="bbox 0 0 1297 4366">
    <p class='ocr_par' dir='ltr' id='par_1_12' title="bbox 0 0 1297 4366">
     <span class='ocr_line' id='line_1_44' title="bbox 0 0 1297 4366; baseline 0 0"><span class='ocrx_word' id='word_1_229' title='bbox 0 0 1297 4366; x_wconf 95' lang='lat' dir='ltr'><strong> </strong></span> 
     </span>
    </p>
   </div>
  </div>
 </body>
</html>
