2580 4366
448 219 593 263 nencvnns
615 205 762 280 [currens]
1078 207 1138 273 287

66 384 125 428 nm.
178 366 233 428 Hic
257 386 344 447 quem
367 387 421 448 per
443 370 532 432 urbes
554 371 597 432 ire
619 371 803 450 praeclarum
826 373 906 436 vides
1094 387 1141 439 nc

67 459 97 514 et
120 451 196 513 iulva
220 461 303 531 tergo
326 454 420 532 spolia
442 464 605 533 gestantem
626 457 717 531 ferae,

68 538 120 616 qui
142 554 232 614 regna
255 538 371 599 miseris
394 539 482 601 donat
504 549 532 601 et
555 540 640 601 celsis
663 541 748 619 rapit,

66 628 145 681 vasta
169 630 303 699 gravatus
326 623 474 685 horridam
498 624 575 685 clava
600 643 730 700 manum,

68 706 154 766 cuius
176 706 343 786 triumphos
366 708 461 768 ultimi
483 709 570 770 Seres
594 719 704 771 canunt

68 799 98 852 et
119 790 254 870 quisquis
276 791 351 853 alius
374 793 446 854 orbe
468 794 484 854 i
504 803 648 873 concepto
671 795 756 870 iacet,

66 876 138 937 levis
161 882 205 936 est
227 894 283 937 nec
304 877 387 938 illum
409 878 519 956 gloriae
542 879 671 941 stimulat
693 879 797 955 deccr;

66 968 145 1021 errat
167 978 221 1039 per
244 961 356 1036 orbem,
380 981 440 1022 non
465 970 497 1024 ut
519 970 662 1042 aequetur
683 963 744 1024 levi

66 1063 124 1106 nec
146 1055 179 1105 ut
201 1063 255 1124 per
278 1046 366 1106 urbes
390 1066 513 1125 magnus
536 1047 687 1126 Argolicas
710 1056 771 1109 eat:

65 1129 146 1209 quod
168 1137 244 1190 amet
266 1131 399 1209 requirit,
422 1132 570 1211 virginum
593 1133 734 1194 thalamos
757 1134 839 1212 petit.

66 1215 91 1275 si
116 1232 173 1293 qua
197 1223 240 1275 est
263 1223 376 1293 negata,
399 1218 527 1296 rapitur;
552 1217 581 1278 in
606 1217 732 1297 pcpulcs
755 1219 835 1294 furit,

66 1307 176 1378 nuptas
199 1300 294 1360 ruinis
316 1301 430 1378 quaerit
453 1309 481 1362 et
502 1302 604 1362 vitium
628 1302 776 1380 impotens

64 1385 159 1444 virtus
181 1392 311 1445 vocatur.
357 1386 463 1446 cecidit
486 1386 623 1447 Oechalia
646 1386 747 1448 inclita

65 1487 205 1546 unusque
228 1468 313 1529 Titan
336 1470 406 1530 vidit
427 1479 515 1549 atque
539 1489 618 1532 unus
640 1472 702 1531 dies

64 1561 191 1614 stantem
215 1562 243 1614 et
266 1554 433 1628 cadentem;
457 1573 543 1615 causa
567 1555 694 1615 bellandi
718 1563 761 1616 est
784 1574 875 1617 amor.

65 1638 177 1699 totiens
199 1637 313 1698 timebit
335 1637 453 1699 Herculi
478 1646 572 1699 natam
596 1657 704 1718 parens

65 1721 205 1800 quotiens
228 1721 355 1800 negabit,
379 1724 472 1783 hostis
495 1733 540 1784 est
563 1723 700 1800 quotiens
722 1739 808 1807 secer

64 1807 130 1867 sieri
153 1814 284 1867 recusat:
309 1806 334 1867 si
357 1824 449 1884 gener
471 1826 531 1868 non
555 1808 596 1883 fit,
620 1807 696 1867 ierit.

64 1898 133 1970 post
156 1891 228 1951 haec
251 1891 322 1970 quid
344 1892 414 1952 istas
437 1893 582 1953 innocens
604 1909 688 1952 servo
711 1909 825 1967 manus,

65 1976 161 2037 donec
184 1977 330 2036 furentem
355 1976 473 2037 simulet
494 1994 529 2037 ac
551 1995 634 2037 saeva
656 1994 746 2036 manu

64 2060 198 2121 intendat
219 2078 306 2122 arcus
329 2078 435 2140 meque
458 2069 619 2140 natumque
642 2057 810 2140 opprimat?

65 2144 110 2205 sic
133 2145 275 2223 coniuges
298 2145 418 2224 expellit
440 2145 556 2207 Alcides
579 2163 657 2218 suas,

64 2230 139 2290 haec
162 2237 233 2290 sunt
254 2230 393 2308 repudia;
418 2249 473 2291 nec
495 2239 594 2309 potest
616 2230 679 2290 lieri
703 2247 831 2290 nocens:
919 2284 921 2289 .

65 2314 153 2375 terris
176 2314 267 2375 videri
290 2315 452 2376 sceleribus
475 2333 592 2376 causam
615 2314 677 2375 suis
749 2368 753 2375 .

64 2398 136 2459 iecit
159 2416 324 2459 novercam.
370 2399 441 2478 quid
462 2408 575 2479 stupes,
598 2399 698 2479 segnis
721 2396 827 2460 furor?
935 2417 940 2427 ’

63 2483 163 2545 scelus
186 2483 392 2562 occupandum
415 2492 473 2545 est:
497 2503 606 2564 perage
629 2486 698 2546 dum
720 2484 813 2545 fervet
835 2501 951 2545 manus
1095 2497 1140 2548 4³5

63 2586 129 2629 nvn.
174 2567 305 2628 Perimes
328 2567 487 2629 maritumi
531 2588 588 2629 nni.
632 2568 754 2630 Paelicis
777 2576 857 2629 certe
879 2587 970 2629 meae.

63 2671 130 2716 nvn.
175 2654 211 2712 At
233 2652 300 2713 love
322 2659 462 2714 creatum.
507 2673 564 2714 nur.
609 2653 721 2733 Nempe
744 2663 773 2714 et
797 2653 936 2714 Alcmena
959 2660 1063 2715 satum.

63 2755 129 2796 nvn.
174 2735 328 2797 Ferrcuel
371 2755 428 2797 nni.
451 2737 552 2799 Ferro.
597 2756 660 2798 uvr.
691 2737 721 2798 Si
738 2735 868 2817 nequis?
912 2756 969 2797 nni.
994 2738 1139 2801 Perimam

627 2822 705 2883 dolo.

62 2923 128 2966 nvn.
173 2904 247 2974 Quis
270 2905 324 2965 iste
346 2905 429 2965 iuror
452 2903 518 2966 estl
562 2924 619 2966 nm.
664 2905 757 2976 Quem
781 2904 865 2966 meus
889 2906 1018 2967 coniunx
1043 2907 1137 2968 (locet.

62 3007 129 3050 nvn.
173 2989 268 3059 Quem
291 3008 346 3050 nec
369 3008 493 3052 noverca
517 2989 624 3068 potuit,
648 2990 728 3051 hunc
751 2991 880 3069 perimes
903 2989 1020 3053 virum?
1093 3002 1139 3054 440

62 3090 123 3133 nur.
175 3071 313 3134 Caelestis
336 3075 379 3134 ira
402 3093 478 3152 quos
499 3074 617 3154 premit,
639 3075 763 3136 miseros
786 3075 868 3136 lacit:
990 3153 992 3155 Ι

62 3158 192 3219 humana
216 3158 322 3219 nullos
371 3178 435 3219 nvn.
481 3158 581 3231 Parce,
605 3159 779 3234 miseranda,
804 3171 832 3220 et
854 3159 932 3221 time.

62 3260 122 3302 mu.
175 3242 358 3322 Contempsit
380 3260 483 3304 omnes
506 3244 556 3305 ille
579 3244 629 3323 qui
652 3252 775 3305 mortem
800 3245 901 3324 prius3

61 3325 136 3389 libet
158 3327 200 3389 ire
222 3327 253 3389 in
277 3346 372 3389 enses.
417 3347 481 3390 uun,
525 3327 619 3389 Maior
640 3329 766 3390 admisso
790 3338 868 3404 tuus,

62 3462 268 3472 *-

150 3529 199 3579 410
212 3526 280 3578 hunc
291 3530 318 3591 ς.
336 3557 371 3564 -
388 3527 530 3593 perclarum
542 3527 570 3578 M
618 3531 667 3581 411
687 3531 713 3578 et
725 3528 783 3579 viva
798 3528 872 3579 codd.
884 3529 1004 3578 ccrreoeit
1013 3525 1047 3578 N.
1060 3527 1138 3577 Hein-

60 3597 120 3646 sius
138 3595 197 3646 adv.
216 3611 243 3660 p.
262 3594 313 3647 443
382 3598 432 3647 412
450 3611 496 3646 ceu
514 3609 592 3661 regna
610 3593 640 3646 M
690 3599 739 3648 415
758 3599 883 3662 concepto
901 3595 996 3659 2At5)
1014 3597 1138 3661 consepto

61 3661 128 3727 ς(,4)
146 3666 297 3728 consumpto
310 3662 418 3714 Grotius
436 3663 712 3730 coniecteGronoviur
764 3666 814 3715 420
832 3663 929 3730 rapitur
943 3665 989 3728 Σς
1006 3661 1138 3729 cepiturA

61 3732 114 3782 422
132 3729 226 3781 etholia
241 3733 285 3794 Σς
340 3732 389 3783 421
409 3745 459 3781 non
477 3735 517 3782 est
536 3730 612 3783 codd.
632 3734 752 3782 eorreoeit
770 3728 805 3783 N.
817 3731 940 3781 Heinsius
958 3730 1018 3784 adv.
1035 3747 1061 3796 p.
1078 3731 1136 3782 444.

60 3824 97 3836 -
116 3796 175 3848 furit
193 3801 212 3863 ς
262 3800 310 3850 431
330 3798 352 3849 si
370 3800 403 3848 Σ.
421 3826 454 3836 -
472 3798 585 3865 expellat
603 3799 632 3850 M
682 3802 731 3852 435
750 3813 828 3865 perge
846 3799 923 3850 codd.
943 3802 1064 3850 conenit
1081 3799 1138 3849 Pei·

59 3881 144 3933 perue
213 3867 262 3918 442
281 3879 357 3932 parce
373 3881 457 3931 reaque
475 3867 511 3916 ad
528 3881 601 3919 enses
619 3869 652 3933 (v.
663 3867 723 3931 444)
742 3866 830 3919 omit*
848 3865 945 3930 (deficit
959 3867 1000 3918 hic
1012 3869 1139 3934 ascripsit

60 3933 121 3986 aad.
140 3948 212 3984 mare.
231 3948 300 3998 quae
318 3934 355 3984 ad
372 3949 394 3984 v.
413 3933 473 3996 407)
544 3937 593 3986 443
612 3937 715 3985 nutrici
732 3937 907 3987 continuatur
925 3935 950 3986 A
