2580 4366
458 241 496 284 nn
518 241 620 284 conica
641 242 776 286 nrnvsco.
1110 232 1151 294 35

120 386 174 448 lecta
187 408 216 451 ne
228 391 271 452 eui
287 389 437 468 contingat
451 408 467 451 a
482 390 642 453 victoribus
658 393 810 454 timeatur:
835 413 924 456 sensu
944 413 999 456 noc
1015 396 1149 477 Euripidi

121 469 205 546 (lroad.
225 477 280 538 190
302 477 359 553 sq.)
383 492 439 534 nec
461 475 564 536 Ouidio
588 479 668 552 (met.
692 477 769 554 Xlll,
797 480 871 555 484)
893 480 1004 559 ignoto.
1048 500 1150 543 verum

120 560 225 638 estquod
244 560 386 621 Etruscus
408 559 544 638 praebet:

300 645 447 706 dominnm
469 663 526 706 ecee
548 644 662 706 Priami
682 647 808 708 numius.
825 658 852 709 et
872 652 947 709 natis
973 648 1065 728 lepms

298 734 420 790 sortitur
440 747 518 790 urna
536 732 700 812 praedaque
721 750 756 793 ea
777 730 844 793 vilis
865 751 974 812 sequar.

146 809 196 872 lro.
208 815 265 878 280
287 831 332 892 sq.
355 813 404 873 hio
425 820 471 873 est
492 814 523 874 in
545 813 628 876 libris
650 817 834 896 interpolatis
856 834 994 879 versuum
1018 817 1105 882 ordo:

298 917 346 977 epo
369 916 425 958 esse
446 903 596 980 quicquam
617 912 726 982 sceptra
748 905 807 962 nisi
826 919 902 962 vaae
920 913 1019 982 putem

295 982 411 1061 sulpure
432 993 534 1045 tectam
555 1003 657 1046 nomen
680 996 707 1047 et
727 987 803 1064 falso
826 1004 935 1047 comam

296 1067 390 1128 venale
413 1067 574 1129 decentem?
597 1088 677 1130 casus
698 1069 765 1132 laec
785 1075 877 1151 rapiet
901 1071 1001 1145 brevis,

296 1170 347 1212 aec
366 1151 445 1212 mille
466 1153 569 1230 forsan
590 1155 701 1216 ratibus
723 1166 774 1216 out
796 1159 881 1216 canis
905 1157 1004 1216 decem.

296 1254 357 1297 non
377 1236 509 1298 amellam
528 1240 651 1317 [ortana
672 1251 732 1301 tam
754 1238 830 1301 lente
852 1243 989 1301 imminet.

216 1323 274 1385 285
297 1322 425 1402 equidem
445 1321 560 1401 fatebor
581 1341 606 1383 e.
622 1341 650 1402 q.
668 1342 691 1384 s.

114 1413 141 1456 ll·
157 1403 203 1468 283
230 1414 257 1468 et
284 1407 348 1468 284
376 1405 403 1465 li
429 1405 546 1467 inverso
575 1407 679 1469 ordine
701 1408 836 1488 praebet3
865 1426 899 1468 ao
922 1408 1078 1469 videndum
1101 1417 1146 1470 est

57 1536 59 1541 .
113 1499 180 1548 annon
191 1493 246 1554 284
258 1489 465 1569 interpolatori
480 1490 629 1552 debeatur.
653 1502 732 1554 certe
745 1494 866 1572 languet
879 1493 1042 1554 sententiae
1058 1492 1145 1554 modo

57 1568 59 1637 ζ
112 1572 222 1636 succincte
244 1585 274 1636 et
295 1592 363 1635 cum
386 1576 485 1636 colore
507 1576 624 1655 poetico
646 1596 802 1657 expressae
824 1577 940 1639 subdita
955 1578 1086 1640 eiusdem
1102 1577 1146 1638 rei

57 1662 60 1733 ξ
112 1655 217 1729 pedestris
238 1658 414 1739 explanatio.
559 1674 561 1678 ’
808 1717 811 1721 ,

57 1754 59 1809 ζ
167 1761 187 1803 a.
206 1748 264 1809 749
290 1762 330 1806 aa
351 1743 403 1805 lae
423 1749 528 1805 ruinas
549 1745 629 1807 erlis
651 1751 683 1808 in
705 1750 827 1808 ce‘nerem
850 1747 930 1807 dates

293 1827 340 1890 ln'c
361 1827 518 1891 cantabit?

57 1942 59 1981 ;
109 1901 142 1967 lac
155 1909 194 1972 lae
212 1913 370 1975 Etruscum
391 1912 533 1994 praebere
555 1930 657 1975 verum
680 1921 739 1988 est3
763 1913 815 1975 sed
834 1913 912 1975 idem
928 1913 1051 1992 corrigit
1066 1913 1145 1994 quod

57 1998 59 2003 '
109 1990 189 2066 pridem
205 1997 274 2059 viris
296 1998 391 2059 doctis
413 1997 580 2058 iaciendum
605 2007 666 2060 erat
687 2000 767 2061 ariis
789 2003 820 2059 ia
842 2003 964 2061 cinerem
986 2000 1076 2062 datae.

57 2122 59 2155 :
164 2098 185 2141 v.
204 2084 261 2146 797
293 2083 428 2155 lacrimis,
455 2081 550 2160 Uliaee,
572 2102 668 2163 parva
689 2103 775 2165 paam
795 2088 920 2164 petimus
940 2102 1022 2144 mora
1045 2095 1101 2146 eat:

57 2164 59 2171 '
293 2169 409 2228 cencede
425 2185 536 2248 parvos
557 2178 591 2229 ut
610 2187 674 2230 enea
696 2170 814 2230 condem
836 2188 926 2229 mana

109 2323 113 2334 ι
290 2256 414 2314 viventis
435 2252 539 2312 oeulos.

108 2327 214 2396 nlocnm
229 2336 351 2416 epitheti
366 2336 446 2415 quod
463 2333 547 2396 nihili
567 2354 631 2397 esse
647 2335 732 2397 iacile
746 2336 970 2413 intellegebatur
985 2336 1144 2398 Etruscum

57 2472 59 2499 ,
105 2428 179 2487 lmus
190 2420 366 2482 substituere
380 2420 504 2482 Peterus
520 2420 657 2481 enotavit.
684 2421 754 2482 inde
775 2439 876 2501 opacos
890 2420 1045 2499 Peiperus,
1059 2422 1144 2503 plau-

57 2522 61 2577 t
107 2501 282 2567 thadvious
305 2505 379 2581 (adv.
395 2505 432 2580 Π,
456 2506 539 2580 120).
576 2513 605 2566 at
626 2506 657 2566 in
681 2505 808 2566 Etrusco
830 2505 952 2582 legitur:

57 2580 60 2649 l
292 2591 407 2651 concede
425 2608 535 2669 paneae
556 2593 610 2665 (sc.
626 2589 771 2666 lacrimae)
793 2601 904 2652 nemea
919 2592 1038 2652 condam
1051 2609 1143 2654 mana

57 2654 61 2743 l
291 2679 413 2736 viveretis
434 2674 538 2735 oeulos.

164 2773 184 2816 v·
205 2760 263 2823 889
293 2770 320 2821 te
341 2777 446 2838 mapaa
472 2757 570 2838 Yetlaps
592 2769 670 2839 teque
692 2769 733 2820 tot
751 2759 849 2837 pelapi
868 2759 934 2819 deae

288 2843 489 2924 placidamque
509 2861 618 2904 numere
639 2849 770 2924 aequoris
791 2845 898 2905 tumidi
920 2841 944 2902 Τ
943 2843 1013 2905 laetae

291 2946 375 2990 enam
395 2927 545 2999 vocabant,
567 2939 595 2990 te
616 2929 712 2989 datam
735 2926 846 3006 Pyrrho
868 2945 945 2989 socer

294 3011 392 3074 Peleus
413 3031 524 3073 aarum
546 3013 656 3073 vocabit
677 3023 704 3074 et
725 3012 835 3074 Nereus
856 3030 975 3074 amram.

107 3083 332 3169 littoralem,
356 3097 408 3158 sed
430 3094 530 3160 claellis
551 3097 582 3158 in
605 3096 632 3156 Ε
652 3096 796 3176 scriptum
820 3103 880 3173 est,
910 3098 971 3161 890
993 3115 1062 3157 vero
1085 3112 1142 3156 neo

106 3166 161 3236 tlon
176 3180 210 3256 (a)
231 3200 287 3243 nee
312 3179 411 3262 Tetlape
433 3200 489 3243 neo
511 3182 669 3261 quicquam
696 3181 760 3243 eius
782 3181 910 3261 generis.
955 3198 1023 3241 nam
1045 3187 1142 3242 toturn

106 3268 188 3352 lopun
214 3266 330 3327 omittit.
374 3285 462 3346 quem
491 3266 527 3328 ab
555 3266 765 3346 interpolatore
795 3266 961 3346 proiectum
990 3282 1054 3325 esse
1080 3263 1141 3325 veri

107 3343 190 3434 tillem
208 3351 388 3412 simillimum
410 3360 497 3425 esset,
520 3351 556 3412 ab
579 3370 614 3412 eo
630 3351 770 3412 nimirum
786 3351 838 3430 qui
853 3349 1047 3410 desiderasset
1062 3349 1141 3409 The-

106 3423 355 3497 damantionem:
378 3445 408 3498 et
428 3444 497 3516 post
518 3443 563 3497 tot
584 3436 681 3516 pelagi
704 3436 772 3498 deas
791 3435 866 3495 male
883 3433 1025 3495 claudicat
1039 3434 1141 3495 Thetis

107 3515 287 3654 {uppungestm
316 3520 368 3581 sed
396 3521 520 3582 nimium
542 3528 685 3600 qnantum
708 3538 811 3582 versus
833 3518 881 3580 isti
904 3519 1064 3581 admonent
1086 3519 1142 3581 Ca-

115 3606 128 3649 l
166 3603 218 3680 tot,
239 3607 293 3682 28)

292 3701 359 3752 tene·
380 3688 470 3751 Thetis
492 3695 586 3751 tmait·
600 3687 797 3770 pulcherrimo
818 3685 964 3750 Nereine?

291 3785 353 3836 tene
373 3792 455 3836 suam
481 3773 580 3853 Tetlaps
602 3779 733 3836 maressit
755 3775 855 3835 ducere
876 3783 988 3853 neptem

293 3859 477 3940 Oceanusque
498 3865 576 3920 mari
595 3870 686 3921 totam
709 3863 759 3939 poi
778 3859 958 3938 amplectitur
979 3853 1119 3941 artemi).

110 3938 241 4018 ”liutgeri
256 3950 363 4022 potest,
376 3952 409 4005 ut
422 3944 454 4004 hi
468 3943 589 4024 quidem
603 3961 706 4005 versus
720 3943 799 4006 inter
809 3941 998 4006 dulcissimos
1009 3937 1148 4003 oninium

903 4044 942 4101 3*
