2580 4366
532 221 674 265 THTESTES

68 366 168 427 animo
190 367 283 445 magis
306 385 393 447 quam
416 387 487 431 vnce
507 368 619 431 laudari
641 369 729 433 volat.
989 424 994 437 .
1043 424 1048 435 ,
1147 418 1157 443 -÷

70 471 134 512 san.
178 451 255 513 Laus
278 470 344 513 vera
366 463 395 514 et
416 453 520 519 humili
542 473 631 535 saepe
652 455 798 535 contingit
819 454 892 534 viro,
1029 494 1039 537 ς
1085 482 1092 509 ι·
1167 461 1169 465 ’

71 555 131 597 non
154 535 211 596 nisi
233 537 349 617 potenti
370 537 451 613 falsa.
494 540 575 618 quod
597 539 704 603 nolunt
724 542 825 605 velint.
1005 612 1007 616 ,

69 641 129 682 ssu.
175 620 237 682 Rex
259 621 327 683 velit
348 622 485 684 honesta:
509 640 597 685 nemo
620 643 681 687 non
705 626 807 689 cadem
827 629 914 691 volet
1021 625 1024 630 ’

68 726 132 766 aaa.
178 704 360 786 Vbicumque
381 717 496 771 tantum
518 709 642 773 honesta
664 711 827 775 dominanti
850 713 951 792 licent,

68 791 202 871 precario
223 802 373 870 regnatur.
422 812 483 853 sin.
525 793 580 855 Vbi
604 812 664 857 non
687 804 732 858 θεῖ
751 799 849 878 pudor
1051 834 1053 839 ·
1094 814 1140 865 tto

69 894 125 937 neo
148 894 217 937 cura
239 876 312 938 iuris
333 877 472 939 sanctitas
493 879 588 958 pietas
610 880 692 953 fides,

69 961 211 1022 instabile
226 979 353 1041 regnum
375 972 429 1024 est.
472 983 536 1024 aaa.
580 963 727 1028 Sanctitas
749 966 842 1046 pietas
864 969 936 1032 fides

69 1046 179 1126 privata
200 1046 284 1107 hona
302 1056 386 1122 sunt3
410 1066 468 1127 qua
490 1049 569 1110 iuvat
589 1067 675 1129 reges
697 1060 774 1114 cant.

68 1150 128 1191 sir.
172 1131 259 1192 Naias
277 1149 391 1203 nocere
411 1133 457 1193 vel
479 1133 556 1194 malo
578 1133 660 1197 fratri
680 1145 762 1215 puta.
1223 1189 1227 1195 .

70 1235 133 1276 san.
173 1215 228 1276 Fas
250 1226 295 1277 θεῖ
316 1217 346 1278 in
369 1216 420 1277 illo
444 1217 586 1298 quidquid
609 1218 640 1280 iu
663 1219 752 1282 fratre
774 1230 818 1283 θεῖ
840 1224 932 1286 nefas.
1094 1235 1140 1288 tto
1166 1248 1197 1303 ri.

72 1301 139 1379 quid
163 1303 241 1362 enim
264 1301 384 1380 reliquit
405 1301 530 1363 crimine
552 1303 695 1365 intactum
716 1314 767 1366 aut
789 1306 841 1367 ubi
1062 1344 1081 1387 ,ί
1097 1338 1105 1377 4
1120 1310 1140 1359 θ’
1163 1307 1169 1317 ’
1244 1350 1270 1370 ‚2

71 1385 172 1447 sceleri
195 1384 351 1466 pepercit?
381 1388 537 1466 coniugem
560 1398 665 1468 stupro
687 1391 808 1454 abstulit
1222 1392 1224 1395 ’

70 1489 253 1550 regnumque
274 1473 368 1532 iurto:
392 1473 543 1552 specimen
566 1475 720 1553 antiquum
743 1476 849 1556 imperi
897 1514 985 1599 Vs
1029 1494 1032 1499 ·
1064 1476 1085 1505 ⁹

70 1553 170 1617 fraude
192 1567 236 1635 cst
257 1556 390 1636 adeptus,
412 1557 515 1619 fraude
536 1558 663 1620 turbavit
683 1560 813 1623 domum.

69 1652 111 1700 est
134 1639 252 1723 Pelopis
272 1640 340 1702 altis
361 1641 460 1703 nobile
481 1642 512 1703 in
532 1642 654 1705 stabulis
675 1663 777 1724 pecus,

68 1743 192 1786 arcanus
212 1724 298 1800 aries,
319 1727 425 1787 ductor
447 1726 581 1806 opulenti
602 1729 708 1807 gregis.

68 1810 156 1871 huius
179 1829 232 1890 per
253 1829 341 1872 omne
363 1829 473 1891 corpus
494 1812 587 1883 effuso
609 1831 692 1874 coma

69 1895 213 1975 dependet
236 1914 318 1970 auro,
341 1896 425 1956 cuius
449 1915 464 1956 e
486 1896 604 1976 †tergo
628 1899 696 1959 novi

67 1991 166 2041 aurata
188 1999 273 2059 reges
294 1990 409 2060 sceptra
430 1981 574 2042 Tantalici
595 1993 718 2064 gerunt3

67 2084 221 2145 possessor
242 2065 331 2127 huius
352 2075 466 2145 regnat,
487 2068 568 2128 hunc
589 2076 687 2128 tanme
708 2069 814 2129 domus

67 2150 184 2211 fortuna
207 2150 348 2230 sequitur.
393 2160 454 2212 tuta
478 2151 607 2230 seposita
629 2171 711 2214 sacer

66 2236 98 2296 in
120 2245 202 2315 parte
225 2236 319 2315 carpit
340 2244 434 2317 prata,
449 2254 533 2316 ,quae
555 2236 664 2299 claudit
685 2236 761 2318 lapis

65 2321 152 2381 fatale
174 2338 260 2381 saxeo
282 2338 425 2400 pascuum
447 2338 533 2382 muro
556 2331 668 2400 tegens.

65 2407 147 2466 huuc
167 2406 282 2466 facinus
303 2406 410 2484 ingens
431 2425 521 2467 ausus
543 2416 692 2487 assumpta
714 2407 746 2469 iu
769 2408 866 2470 soclus

65 2500 204 2552 consorte
226 2489 319 2550 nostri
340 2491 470 2570 perfidus
492 2491 612 2553 thalami
631 2491 736 2554 avehit.
812 2534 815 2539 -

64 2575 135 2637 lrinc
158 2593 246 2636 omne
268 2574 357 2636 cladis
378 2587 499 2637 mutuae
519 2577 604 2639 llurtit
625 2577 750 2639 rodum:

64 2679 120 2741 per
140 2678 231 2738 regna
253 2660 385 2740 trepidus
408 2661 475 2721 exul
496 2662 588 2723 erravi
611 2680 685 2735 mea,

64 2765 133 2827 pars
156 2744 235 2806 nulla
258 2745 374 2824 generis
396 2755 458 2806 tuta
480 2745 516 2806 ab
538 2745 654 2807 insidiis
675 2754 765 2820 vacat,
832 2763 833 2766 ¹

65 2840 203 2911 corrupta
226 2829 366 2901 coniunx,
388 2829 494 2910 imperi
516 2849 622 2910 quassa
644 2840 688 2893 est
709 2831 793 2904 fides,

64 2917 170 2977 domus
192 2933 289 2993 aegra,
310 2913 418 2975 dubius
439 2915 559 2993 sanguis
582 2923 626 2976 est
646 2948 689 2959 -
711 2915 784 2976 certi
807 2915 881 2976 nihil

64 3001 122 3062 uisi
145 3001 233 3061 irater
255 2999 356 3061 hostis.
401 2999 472 3079 quid
494 2997 617 3080 stupes?
650 2999 769 3062 taudem
791 3001 889 3081 incipe

63 3085 237 3165 animosque
260 3102 358 3145 sumet
381 3081 537 3145 Tantalum
560 3094 589 3146 et
610 3084 750 3164 Pelopem
772 3085 888 3165 aspice3
951 3117 953 3121 ν

62 3170 194 3232 adhaec
216 3188 321 3231 manus
343 3169 476 3249 exempla
503 3178 672 3249 poscuntur·
688 3189 779 3232 meae.

63 3257 191 3335 profare,
214 3254 310 3315 dirum
334 3272 391 3334 qua
414 3264 503 3334 caput
521 3264 646 3317 mactem
670 3255 723 3315 via.

149 3473 285 3525 211-228
309 3475 343 3536 (o.
362 3470 413 3524 229
431 3462 529 3537 incipit
548 3470 662 3534 Γ.122”)
682 3471 787 3519 littorea
810 3469 941 3534 quaedam
965 3473 995 3518 in
1013 3485 1136 3521 amenum

61 3539 162 3601 fioribus
180 3555 240 3589 oum
257 3540 365 3589 scholiis
381 3540 500 3590 detersae
518 3544 544 3588 ed
566 3538 627 3590 Tm.
646 3544 790 3588 renovatae
808 3537 867 3601 (211
885 3537 949 3600 viru,
967 3537 1018 3589 213
1034 3545 1064 3600 -ῖ,
1085 3539 1136 3591 214

61 3612 127 3670 -out,
144 3606 197 3661 220
208 3608 268 3671 -1θε,
283 3607 336 3661 228
353 3611 382 3657 in
395 3624 443 3659 ora
456 3607 550 3669 infima
562 3609 650 3671 magis
661 3607 772 3671 reliquis
790 3605 897 3666 laesus,·
912 3612 1040 3657 renovata
1054 3608 1137 3674 epend

63 3683 89 3735 at
107 3691 138 3727 cu
156 3682 181 3726 θῖ
198 3691 228 3741 g,
246 3691 281 3727 ac
298 3689 359 3726 suro
376 3675 479 3736 foetum
496 3675 561 3737 viro)
631 3677 680 3727 213
698 3681 761 3742 puto
778 3672 804 3724 E
873 3675 921 3727 221
941 3672 1055 3739 reliquit:
1074 3682 1085 3726 t
1102 3692 1169 3737 ex!

62 3742 79 3794 d
97 3747 116 3794 i.
135 3759 188 3795 raa.
206 3741 267 3794 2m.
285 3743 317 3796 ll.
370 3745 418 3796 227
437 3742 522 3795 inluso
540 3743 565 3793 A
617 3743 667 3797 222
686 3744 789 3792 conieci
806 3744 887 3794 tracto
905 3744 986 3806 (texto
1005 3741 1038 3792 da
1049 3745 1137 3796 Wila-

61 3813 180 3876 morosis)
202 3817 302 3876 tergore
325 3826 356 3862 ex
374 3810 449 3863 huius
471 3809 585 3861 Bodleian
665 3811 714 3862 233
733 3823 805 3863 sacro
823 3810 849 3861 A
934 3811 983 3863 237
1002 3811 1095 3863 erravit
1112 3814 1136 3862 A

62 3881 113 3933 238
131 3893 156 3944 p.
180 3893 206 3934 n,
229 3880 308 3931 nostri
325 3880 351 3930 A
419 3880 468 3935 242
486 3877 621 3943 animoque
644 3891 715 3930 sume
733 3876 762 3929 T.
780 3877 806 3929 A
823 3877 858 3940 cf.
876 3879 898 3942 l,
915 3877 950 3930 39
1019 3881 1069 3933 244
1086 3881 1137 3932 iac-

61 3945 157 3999 temll
1027 3994 1033 4003 ,
