2580 4366
549 201 709 245 rnnummo
1109 185 1160 247 Vll

74 353 247 432 excogitata
270 360 358 427 esset,
381 362 432 415 aut
452 354 525 415 duas
541 363 646 428 tresve,
669 353 694 415 si
709 352 810 433 plures
827 354 888 415 viae
903 353 1047 415 indicatae
1062 364 1162 416 essent

71 437 253 513 quibusad
274 456 376 501 verum
405 438 554 518 perveniri
576 457 665 518 posse
695 439 853 500 videretur.
898 456 1000 500 versus
1027 439 1161 518 singulos

68 516 270 587 intercidisse
298 518 445 603 nusquam
473 523 561 585 statui
591 523 648 584 nisi
674 523 821 585 sententia
844 523 875 585 in
898 523 1066 604 exemplum
1088 543 1161 604 sup·

64 603 168 682 pieta
187 608 342 671 ostendere
358 606 477 688 possem
492 619 606 670 certum
620 607 730 687 aliquid
750 608 919 671 desiderari.
949 609 993 670 sic
1007 609 1160 688 praeclusa

64 697 108 753 et
132 692 194 756 aliis
209 701 239 755 et
253 693 326 757 mihi
338 693 523 755 coniectandi
538 693 657 756 licentia
673 693 913 773 intellegentibus
929 701 1045 773 gratum
1059 694 1159 756 fecero

61 769 255 853 lectoribus
277 778 310 840 in
333 797 369 840 eo
392 779 564 859 praesertim
587 787 673 859 poeta
693 796 781 857 quem
798 778 976 841 coniecturis
999 787 1028 840 et
1049 778 1161 841 facetiis

60 858 212 926 obruere
234 863 368 925 omnium
391 863 528 925 facillima
549 881 598 925 res
620 864 678 924 sit.

171 947 233 1010 Tali
255 949 287 1010 in
310 948 430 1027 negotio
453 968 491 1010 ne
513 950 598 1009 firmo
622 955 764 1027 rectoque
793 948 918 1022 iudicio,
947 968 1007 1027 quo
1036 949 1160 1010 maxime

58 1045 165 1111 opus
186 1043 257 1106 erat,
282 1032 406 1094 nimium
429 1052 517 1113 saepe
540 1034 725 1108 destituerer,
749 1033 906 1095 adsuerunt
921 1034 992 1094 mihi
1010 1034 1160 1113 praesenti

60 1117 198 1179 auxilio
214 1118 274 1181 duo
297 1118 352 1180 viri
370 1129 404 1179 -et
425 1118 545 1197 ingenio
570 1126 599 1178 et
621 1127 682 1179 arte
706 1118 850 1179 valentes:
873 1119 985 1180 maiore
1007 1119 1038 1180 in
1061 1118 1160 1199 operis

56 1211 169 1278 parte
190 1203 428 1264 Franciscus
450 1203 665 1264 Buecheler
694 1211 869 1283 praeceptor
891 1222 989 1276 meus,
1018 1205 1069 1284 qui
1092 1222 1160 1265 cum

56 1287 177 1350 multa
207 1288 326 1367 egregie
356 1289 520 1350 emendavit
548 1296 611 1349 tum
640 1287 772 1349 doctrina
802 1297 831 1349 et
860 1288 985 1350 consilio
1013 1288 1160 1351 labentem

57 1373 270 1435 confirmavit
292 1380 322 1434 et
343 1372 467 1448 adiuvit;
495 1373 588 1434 adluit
610 1380 760 1452 practerea
792 1373 882 1435 totius
905 1374 1004 1454 operis
1025 1373 1162 1436 fidelissi·

57 1473 155 1519 mus
174 1458 274 1521 socius
296 1457 502 1519 Vdalricus
525 1457 569 1519 do
590 1456 1160 1532 Wilamowitzdloellendorfl,

59 1542 143 1620 qui
155 1551 296 1623 quantum
319 1550 418 1622 potest
438 1543 506 1620 (iam
522 1542 634 1604 dudum
649 1561 717 1604 vero
735 1551 878 1622 quantum
893 1543 988 1624 possit
1003 1542 1051 1604 ille
1074 1562 1162 1604 nemo

60 1624 255 1706 philologus
278 1628 406 1707 ignorat)
429 1636 543 1690 tantum
566 1627 666 1688 amicis
689 1636 839 1707 praestare
862 1630 1025 1690 consuevit.

143 1774 147 1781 ,
165 1712 403 1775 Additamentum
418 1713 544 1792 ponderi
555 1713 678 1774 accessit
693 1731 856 1792 pancorum
871 1714 1006 1775 locorum
1017 1713 1160 1790 defensio,

64 1792 120 1855 in
148 1797 252 1876 quibus
274 1797 397 1860 verebar
419 1817 457 1859 ne
480 1807 605 1878 propter
625 1798 795 1858 brevitatem
819 1816 880 1859 non
904 1805 984 1859 recte
1006 1798 1161 1878 intellege·

67 1887 173 1942 retur
192 1882 266 1945 ratio
289 1889 420 1944 servatae
442 1894 494 1944 aut
514 1890 642 1944 mutatae
673 1882 807 1944 codicum
830 1884 1005 1962 scripturae.
1050 1883 1074 1944 si
1097 1883 1160 1944 vin·

70 1960 229 2057 dicessum
253 1986 330 2047 quae
352 1969 531 2046 semetipsa
553 1968 711 2029 defendere
734 1976 866 2046 possent,
888 1967 1013 2029 mantisa
1036 1968 1160 2029 obsonia

71 2049 212 2114 memet.
256 2053 314 2113 hoc
345 2071 439 2113 unum
469 2053 586 2113 efficere
614 2052 766 2113 inanimo
795 2060 872 2127 erat,
903 2060 935 2113 ut
963 2051 1033 2114 viris
1056 2052 1160 2127 doctis,

75 2144 214 2206 quorum
237 2137 396 2198 adsensum
420 2138 564 2217 consequi
591 2155 772 2217 magnopere
800 2138 955 2217 cupimus,
985 2155 1161 2217 persuasum

76 2227 169 2288 sssssstl
187 2223 218 2284 in
241 2223 285 2284 eis
303 2240 437 2302 quoque
467 2241 542 2301 quae
571 2222 631 2283 illic
660 2241 721 2283 uon
750 2223 900 2301 tetigimus
928 2241 988 2284 non
1012 2230 1161 2285 temerea

77 2299 174 2366 uotis
195 2315 294 2369 actum
320 2324 394 2368 esse.
489 2356 491 2361 .

171 2391 348 2454 Nominibus
378 2409 481 2453 eorum
509 2391 560 2470 qui
589 2390 716 2451 inventis
744 2392 806 2452 suis
832 2392 878 2453 his
904 2393 1062 2470 tragoediis
1092 2411 1161 2473 pro·

77 2457 207 2539 fuerunt
242 2476 294 2539 ubi
324 2477 408 2537 locus
438 2494 499 2536 non
534 2474 650 2536 additus
681 2486 726 2536 est
755 2495 814 2555 quo
845 2477 1064 2538 emendationes
1091 2494 1163 2558 pro<

77 2546 219 2637 tulerint,
242 2561 398 2624 sciendum
421 2569 466 2621 est
486 2560 550 2621 illas
573 2571 622 2621 aut
645 2560 826 2622 editionibus
848 2562 961 2623 nolisve
985 2562 1049 2624 data
1072 2581 1162 2642 opera

77 2637 114 2689 at
137 2648 242 2709 ordine
264 2647 296 2707 in
313 2646 455 2707 Senecam
472 2645 648 2724 conscriptis
671 2645 796 2707 insertas
817 2654 867 2706 aut
888 2646 1023 2726 privatim
1045 2665 1161 2708 mecum

75 2722 317 2794 ⁰⁰mmunicatas
349 2749 413 2792 esse
444 2749 459 2791 a
490 2729 559 2790 viris
588 2729 681 2790 doctis
711 2731 820 2809 quibus
850 2740 878 2792 et
907 2749 962 2810 ego
991 2742 1020 2792 et
1048 2731 1161 2792 Seneca

74 2805 174 2877 ‘luam
196 2817 340 2896 plurimas
363 2817 477 2894 agimus
500 2815 617 2893 gratias.
650 2815 686 2875 de
709 2815 813 2894 Poggii
836 2816 1015 2878 coniecturis
1038 2816 1161 2877 relatum

74 2890 128 2949 ‘Sl
151 2900 208 2962 vol.
230 2901 243 2961 l
266 2920 296 2980 p.
321 2902 422 2980 42sq.

76 3039 84 3052 .
171 2986 383 3064 Quaecumque
405 2985 437 3044 in
461 2984 616 3046 verborum
640 2993 779 3046 contextu
795 2984 983 3047 adnotatione
1006 3002 1066 3045 non
1090 2983 1162 3045 sub·

74 3057 159 3129 ¹⁸01a
182 3071 327 3150 leguntur
349 3070 482 3132 codicum
507 3088 655 3130 consensu
680 3070 782 3132 tradita
805 3078 892 3144 sunt;
916 3069 1025 3149 quihus
1046 3076 1159 3131 tantum

74 3143 135 3232 “tlt
157 3155 279 3217 Etrusci
302 3164 354 3217 aut
375 3154 595 3234 interpolatoris
618 3156 765 3233 scriptura
788 3153 883 3215 addita
907 3162 952 3214 est
972 3153 1064 3213 altero
1085 3160 1161 3214 teste

75 3226 232 3303 nituntur.
279 3241 520 3320 orthographiam
553 3256 622 3300 vero
645 3239 764 3300 Etrusci
796 3239 907 3300 codicis
941 3255 1002 3298 non
1036 3238 1161 3299 nimium

75 3313 199 3405 allliqui
234 3343 382 3404 nusquam
416 3325 530 3387 enotavi
559 3332 676 3403 praeter
705 3323 824 3385 nomina
853 3321 977 3402 pluralia
1013 3322 1162 3402 (inprimis

75 3399 178 3473 ‘’mna's
200 3421 230 3473 et
252 3410 407 3490 participia
430 3409 584 3490 quaedam)
612 3418 716 3488 quarto
746 3408 878 3487 primove
901 3424 970 3467 casu
993 3406 1024 3468 in
1047 3411 1071 3469 is
1093 3426 1161 3470 exe·

76 3480 186 3570 ¹¹¹ttia3
212 3513 302 3575 quem
324 3494 393 3556 licet
415 3495 545 3557 Senecae
566 3511 679 3555 morem
702 3494 794 3555 fuisse
819 3490 971 3572 probabile
994 3492 1041 3567 sit,
1062 3500 1160 3554 tamen

76 3565 142 3632 ¹¹0⁰
164 3580 291 3658 singulis
313 3578 387 3641 locis
410 3579 504 3640 codici
534 3597 639 3641 manus
669 3578 737 3640 dare
760 3576 890 3638 volebam
914 3594 969 3639 nec
991 3586 1164 3640 constanter

76 3653 192 3744 exequi
222 3664 373 3725 scribendi
403 3664 547 3726 rationem
577 3682 651 3743 quac
678 3662 839 3741 legentium
863 3663 1016 3723 commodo
1039 3664 1162 3725 minime

73 3735 241 3812 protutura
277 3758 371 3825 esset,
405 3749 562 3811 accedente
593 3748 765 3829 praesertim
796 3746 907 3807 codicis
937 3745 963 3806 ll
996 3749 1053 3810 tale
1087 3747 1161 3809 nihil

73 3819 256 3896 praebentis
278 3834 451 3896 auctoritate
472 3835 511 3910 (a.
527 3833 547 3894 i.
564 3852 593 3912 p.
610 3835 689 3910 xm).
727 3832 758 3893 in
780 3831 854 3906 aliis,
877 3831 1009 3895 athoud
1030 3841 1058 3894 ct
1078 3833 1158 3903 baut,

72 3903 248 3998 Praecipue
270 3929 368 3981 autem
390 3920 421 3981 in
444 3918 715 4000 praepositionibus
730 3917 887 3978 verborum
902 3917 995 3979 initiis
1010 3936 1064 3998 per
1080 3934 1162 3979 com-
