2580 4366
119 195 178 256 138
468 208 505 250 nn
527 207 705 250 carricentur
728 206 840 249 ronnas.

116 362 199 423 misc.
215 360 286 439 pbil.
301 360 341 420 lll
356 379 386 439 p.
405 361 443 420 12
460 359 511 437 qui
535 358 570 418 de
592 375 730 419 uersuum
753 358 886 419 numeris
907 358 986 420 inter
1007 378 1040 421 se
1060 372 1160 437 respon·

117 446 254 509 dentibus
283 465 345 505 non
374 444 519 521 cogitarit.
570 445 655 504 cuius
684 443 823 503 carminis
851 452 971 505 externe
1003 442 1112 523 species
1136 455 1161 499 eo

116 531 213 592 dillert
235 530 265 590 in
288 529 414 591 Etrusco
437 548 452 588 a
475 527 597 607 reliquis
620 527 758 589 omnibus
782 534 814 588 ut
839 545 1045 609 quaecumque
1065 521 1162 589 Hecuba

117 615 199 676 ebori
221 614 356 675 lamentis
379 612 529 674 intereinit
549 611 691 673 trimetris
714 611 937 693 circumscripta
959 613 1030 674 sint.
1066 619 1094 672 et
1112 624 1163 671 cua

115 720 142 760 r.
162 701 232 763 102.
258 701 336 761 103ss
360 698 424 758 sine
446 696 536 759 dnbio
558 705 638 758 recte
660 698 726 757 loco
749 696 881 771 moverit,
903 696 1095 776 probabiliter
1113 696 1164 775 poet

116 805 141 845 r.
166 787 224 848 86³
248 781 589 845 conlocaveritHaasius
611 788 825 861 —praeterea
854 799 972 843 mamea
1002 782 1068 843 sinc
1090 780 1164 842 onu-

116 871 200 931 sione
223 867 356 948 procedit
377 902 428 940 -‚
451 876 512 927 tres
533 866 671 927 Hecubae
680 866 799 945 periodi
819 868 975 941 (83—973
1002 865 1164 935 tlt-1313

95 948 310 1029 ‘tan-156)
340 953 425 1013 denis
453 950 594 1012 trimetris
620 958 772 1026 constant,
801 950 840 1013 ita
861 960 961 1012 autem
983 961 1018 1013 ut
1038 950 1165 1032 primoct

115 1039 202 1101 tertio
232 1039 296 1098 loco
324 1036 434 1116 singuli
456 1035 572 1097 dimetri
595 1036 688 1097 denos
709 1035 859 1097 trimetros
882 1035 1041 1116 excipiant
1083 1039 1165 1098 contra

116 1124 199 1184 ebori
221 1131 319 1203 partes
342 1122 372 1183 in
388 1121 415 1182 n*
434 1140 495 1182 non
517 1121 601 1181 aliter
624 1119 780 1199 discriptae
800 1128 871 1183 sunt
885 1140 973 1200 quam
989 1121 1099 1200 ubique
1111 1134 1164 1181 aua·

115 1208 223 1289 paesti:
247 1208 376 1286 primum
402 1209 439 1268 15
463 1204 595 1279 dimetri,
619 1205 725 1267 deinde
749 1207 788 1267 to
810 1213 839 1267 et
860 1214 1055 1280 monometer‚
1078 1200 1164 1267 deiude

118 1297 157 1356 10
186 1292 321 1367 dimetri,
349 1302 498 1369 postremo
528 1292 545 1351 7
577 1297 606 1351 et
632 1299 827 1351 monometer.
871 1299 901 1351 at
928 1291 959 1353 in
982 1308 1018 1353 eo
1040 1284 1165 1353 reconditi

116 1377 251 1457 quiddam
274 1378 365 1438 latere
383 1375 512 1436 conicias
528 1375 607 1454 quod
622 1375 653 1434 in
670 1375 771 1437 codice
786 1375 928 1436 Tbuaneo
942 1375 1127 1438 miscellaneo
1138 1388 1164 1433 et

115 1463 217 1523 codiee
245 1461 296 1540 qui
319 1461 444 1522 Etrusco
474 1460 604 1520 anterior
633 1470 676 1521 est
703 1460 898 1539 transcripto,
927 1461 1014 1522 cuius
1036 1457 1165 1539 exemplar

113 1547 260 1607 redditum
276 1545 366 1606 estin
383 1544 520 1606 editionis
535 1543 759 1606 Teubnerianae
774 1546 865 1623 praes.
881 1564 911 1624 p.
927 1544 1028 1620 xxiv,
1047 1542 1163 1606 Hecubae

115 1631 232 1710 quidem
263 1638 360 1709 partes
390 1648 449 1689 non
479 1628 562 1689 aliter
591 1648 678 1707 qrram
705 1629 734 1690 in
758 1630 785 1690 Ε
805 1629 963 1709 dispositae
984 1639 1072 1702 suut,
1098 1624 1163 1691 ebori

114 1726 211 1777 autem
234 1715 370 1789 lamenta,
392 1714 488 1792 primo
511 1713 636 1788 turbata,
660 1714 728 1774 inde
750 1733 766 1774 a
786 1733 811 1774 v.
830 1718 889 1777 104
912 1723 1014 1793 aperte
1035 1714 1163 1775 trimetro

114 1821 180 1862 rum
203 1800 331 1880 speciem
353 1799 497 1861 referunt.
535 1818 590 1859 nec
612 1799 700 1859 alium
723 1799 857 1859 ordinem
876 1800 906 1861 iu
924 1799 1058 1861 Thoanei
1073 1793 1164 1861 codic'n

114 1885 273 1965 auernplari
296 1884 419 1945 valuisse
440 1902 528 1960 saepe
551 1883 651 1945 omissi
673 1884 781 1945 docent
801 1903 937 1946 versuum
960 1885 1046 1946 fines.
1080 1882 1164 1945 eodm

114 1971 205 2048 igitur
232 1970 319 2030 modo
350 1968 432 2029 ebori
460 1968 593 2048 partibus
621 1967 770 2046 discriptis
792 1969 888 2047 primo
911 1970 1031 2047 quidem
1053 1971 1116 2031 loco
1135 1966 1163 2028 lb

113 2055 263 2117 trimetros
285 2054 436 2129 babemus,
459 2054 590 2114 secundo
614 2053 714 2114 decem
737 2053 886 2115 trimetros
905 2073 972 2115 cum
993 2054 1124 2130 dimetro,
1139 2056 1163 2109 ut

110 2139 210 2202 bisin
233 2138 370 2200 Hecubae
393 2146 475 2219 parte
498 2139 604 2199 lactum
629 2144 688 2213 est,
719 2139 805 2198 tertio
834 2140 852 2201 6
874 2139 1025 2200 trimetros
1048 2156 1112 2207 cum
1130 2132 1163 2197 di·

110 2234 224 2297 anetae,
253 2233 359 2302 quarto
388 2223 536 2294 trimetros
562 2221 705 2302 quinque.
750 2223 801 2283 sed
824 2224 895 2284 liaeo
916 2224 1029 2287 fallacia
1052 2243 1113 2286 esse
1130 2229 1164 2281 tat

111 2308 235 2369 admissa
258 2308 344 2368 docet
364 2309 396 2368 in
419 2307 551 2368 versibus
574 2309 612 2368 ita
634 2307 782 2386 discriptis
804 2307 912 2387 syllaba
941 2308 1060 2371 debilis:
1090 2328 1114 2369 v.
1132 2302 1163 2365 lb

19 2464 21 2468 ,
111 2412 196 2454 carcar
218 2395 371 2453 ministrat.
410 2397 447 2453 ite
469 2393 506 2452 ad
523 2392 665 2470 planctus.
715 2395 773 2455 102
795 2394 926 2471 semideis
948 2411 1010 2454 ora.
1047 2394 1164 2455 caditat

109 2482 226 2539 umeris.
275 2478 333 2540 108
362 2477 448 2538 litora
472 2477 600 2556 plaaacta.
644 2477 828 2558 habitansque
856 2482 948 2553 coetu
985 2489 1021 2540 ut
1045 2479 1076 2541 in
1097 2469 1163 2538 ebori

109 2571 193 2642 parte
223 2563 258 2623 de
286 2561 427 2622 trimetris
455 2561 576 2622 omnino
606 2561 817 2640 aeginanae
840 2563 947 2641 possit:
977 2563 1063 2625 aliter
1082 2570 1162 2625 auam

109 2646 248 2708 Hecubae
276 2647 360 2708 aliter
390 2647 472 2707 ebori
499 2646 638 2726 periodos
660 2647 816 2724 dispositas
837 2648 929 2708 luisse
952 2656 1040 2727 negat
1061 2656 1163 2709 senten·

108 2732 215 2793 tiarum
231 2732 308 2792 inter
323 2750 354 2791 se
371 2731 613 2810 respondentium
631 2732 836 2810 aequabilitas:
861 2733 897 2792 cl.
914 2734 955 2795 86
971 2751 1015 2812 sq.
1034 2743 1063 2794 et
1077 2733 1116 2797 98
1129 2743 1163 2805 st·

110 2817 188 2895 quod
212 2818 235 2876 si
259 2816 326 2894 qaris
347 2816 496 2877 trimetros
519 2817 655 2877 codicum
678 2816 855 2896 optimorum
887 2836 1035 2879 consensu
1059 2816 1165 2879 cunita

108 2900 294 2961 librariorum
319 2901 432 2961 lrbrdnu
447 2902 577 2962 tribuere
593 2901 675 2974 uelit,
701 2901 864 2979 periculum
884 2902 926 2963 illi
942 2901 1108 2964 laciendum
1122 2894 1162 2961 erit

108 2987 143 3046 ad
173 2987 292 3047 eandem
314 2992 456 3046 ‘normam
486 3005 573 3066 quarn
602 2992 654 3064 Ag.
679 2989 740 3049 310
770 3005 813 3064 sq.
843 2986 1025 3047 observatam
1055 2986 1163 3048 uidimus

107 3069 246 3132 Hecubae
269 3071 506 3150 captivarumque
529 3072 653 3132 lamenta
676 3070 837 3149 redigendi.

192 3156 270 3218 harad
301 3156 391 3218 multa
419 3163 531 3217 restant
553 3157 682 3218 carmina
704 3156 734 3216 in
758 3154 866 3234 quibus
887 3154 1063 3219 dubitationi
1084 3148 1162 3237 possit

107 3339 209 3418 eemn-
233 3346 284 3407 est,
309 3356 359 3392 non
383 3341 414 3391 de
432 3341 566 3404 Alcmena,
589 3339 705 3406 quamvis
727 3340 774 3391 boe
797 3338 901 3390 iudicari
924 3337 1043 3390 videatur
1060 3331 1161 3391 earrrrlttl⁸

107 3407 222 3458 ‘mmm‘
412 3477 472 3536 flete
491 3476 634 3526 Alcmenen
651 3478 797 3540 magnique
815 3475 885 3524 Iooa's

408 3544 531 3609 plangite
547 3548 650 3594 natann.

106 3635 163 3673 nam
177 3636 233 3672 cam
247 3622 271 3674 in
283 3624 307 3674 ll
320 3624 440 3691 seriptum
451 3628 484 3679 sit
497 3628 647 3694 Alcmenae,
665 3629 734 3677 certa
748 3625 925 3677 emendatione
937 3624 1109 3693 reponendum
1122 3622 1160 3673 eal:

412 3714 448 3762 ite
465 3713 608 3763 Alcmenae
625 3713 769 3776 magnique
787 3706 860 3762 Iouis

410 3779 531 3843 plaaagr'te
549 3786 649 3831 natam.

104 3857 154 3909 iarn
172 3872 233 3908 uero
252 3857 460 3912 considerandum
475 3875 560 3914 annon
574 3862 690 3915 carminis
702 3860 831 3913 exordium
844 3861 936 3913 iniuria
948 3860 1027 3915 ebore
1040 3861 1123 3913 datam
1135 3852 1162 3908 ab

104 3930 164 3995 post
180 3925 261 3992 prima
279 3926 355 3978 verba
372 3934 499 3996 corrupta.
