2580 4366
440 126 499 168 ,nn
520 127 734 169 excurreremus
757 128 883 171 eunucis.
1147 118 1206 179 163

90 348 98 355 .
153 274 267 354 undique
290 276 407 338 demum
431 276 572 356 periculis
593 278 782 338 inruentibus
808 287 837 340 et
858 298 911 359 spe
933 280 994 341 lere
1017 282 1098 343 omni
1120 302 1206 362 prae-

156 368 219 438 repta
238 361 436 440 pulcherrima
460 370 488 422 et
510 379 592 422 nunc
607 381 674 422 cum
690 362 814 425 maxime
829 364 995 427 auditorum
1013 367 1126 428 animos
1142 387 1206 429 mo-

87 444 92 451 '
157 450 206 504 tura
226 446 347 508 ellundit
370 446 400 506 in
423 445 519 507 lovem
543 447 690 508 convicia:

338 516 365 589 ὦ
387 529 452 592 Ζεῦ
475 526 580 613 μάτην
602 523 659 613 ἄρ’
686 524 853 637 ὁμόηαμόν
877 524 910 595 σ’
936 529 1130 617 ἐκτησάμην,

336 610 442 698 μάτην
466 613 501 678 δὲ
524 613 656 679 παίδων
679 608 767 698 pore’
793 613 880 696 ἐμῶν
904 614 1086 702 ἐκλῄζομεν.

96 702 100 707 “
161 698 358 761 electissime:

96 770 101 819 2
337 779 377 847 mi
401 774 433 846 δ’
459 780 492 858 ἒς
513 782 572 864 μὲν
596 779 691 860 εὐνὰς
712 783 850 870 κρύφιος
874 777 1007 870 ἠπίστω
1028 786 1153 868 μολεῖν,

336 860 515 950 τάλλότρια
538 868 655 951 λέκτρα
677 867 793 946 δόντος
816 862 950 947 οὐδενὸς
974 868 1095 954 λαβών,

336 950 451 1036 σῴζειν
474 952 510 1018 δὲ
532 951 610 1030 τοὺς
633 952 710 1030 σοὺς
734 951 792 1019 οὐκ
814 953 995 1021 ἐπίστασαι
1018 956 1152 1039 φίλους·

335 1034 471 1120 ἀμαθής
493 1062 544 1114 τις
568 1031 597 1103 εἶ
618 1037 701 1116 θεὸς
724 1031 746 1125 ἢ
768 1038 895 1116 δίκαιος
917 1033 975 1106 οὐκ
998 1039 1087 1126 ἔφυς.

159 1129 225 1196 eliam
244 1138 351 1200 chorus
372 1140 537 1202 verecunde
561 1143 648 1219 (352)
680 1151 708 1202 et
730 1141 785 1203 lris
808 1142 936 1222 maligne
958 1145 1046 1221 (820)
1070 1145 1105 1205 05
1127 1144 1202 1206 Her-

158 1215 215 1279 mis
238 1224 350 1303 origine
379 1225 528 1300 dubitant;
560 1227 657 1304 ipsum
688 1226 815 1305 denique
846 1229 897 1306 qui
923 1227 1036 1302 lovem,
1069 1222 1201 1304 ὅστιςὸ

156 1298 233 1398 Ζρύς,
260 1318 409 1371 aversatur
430 1329 464 1372 ac
486 1310 571 1372 dicit:
602 1313 732 1391 πατέρα
751 1307 812 1395 γάρ
836 1304 908 1374 ἀντὶ
931 1309 1038 1396 Ζηνὸς
1059 1307 1202 1395 ἡγοῦμαί

82 1459 85 1467 ,
154 1398 169 1439 ⁰
201 1385 253 1472 ἐγώ
275 1397 385 1472 (1265)
413 1413 480 1456 cum
510 1396 641 1456 Senecae
663 1395 791 1458 Hercule
821 1399 955 1474 conseras
982 1399 1032 1478 qui
1056 1399 1200 1478 originem

84 1498 87 1507 ·
152 1478 218 1535 llam
237 1477 268 1539 ad
290 1498 429 1541 nauseam
452 1498 548 1559 usque
571 1480 601 1540 in
624 1499 676 1541 ore
699 1481 782 1559 gerit.

220 1561 287 1625 haec
309 1564 480 1644 explicatius
496 1565 701 1644 persequenda
720 1572 803 1626 erant
818 1573 851 1626 ut
866 1567 1000 1645 exemplo
1016 1575 1083 1627 aute
1098 1567 1201 1628 oculos

77 1718 81 1725 Ι
148 1648 290 1709 locaretur
319 1667 378 1729 quo
408 1649 532 1711 consilio
562 1650 674 1711 Seneca
703 1651 733 1711 in
763 1650 956 1711 retractandis
984 1650 1200 1728 tragoediarum

77 1774 79 1779 -
146 1732 298 1794 meorum
326 1735 509 1812 argumentis
536 1741 666 1796 versatus
695 1744 781 1796 esset.
827 1754 887 1794 non
916 1737 1016 1796 minus
1046 1743 1145 1814 aperta
1172 1746 1200 1797 et

145 1801 171 1861 ad
192 1815 448 1880 demonstrandum
472 1819 564 1881 lacilis
587 1837 635 1881 res
658 1830 702 1880 est
717 1821 748 1880 in
764 1818 887 1897 reliquis
901 1819 1058 1896 tragoediis
1074 1837 1199 1898 quarum

142 1901 259 1981 lxeurpla
281 1913 393 1966 servata
416 1912 503 1978 sunt;
531 1923 597 1964 nam
621 1922 797 1983 quamquam
820 1904 869 1965 alii
891 1922 1010 1984 quoque
1033 1904 1199 1983 Oedipodas

140 1967 362 2051 Agamemnone
391 1988 508 2050 Medeae
536 1990 735 2068 scripserunt,
764 1988 890 2050 dubitari
919 2008 979 2050 non
1007 1997 1105 2069 potest
1126 1989 1197 2067 quin

137 2050 304 2141 Sophoclem
327 2073 503 2153 Aeschylum
526 2073 700 2153 Euripidem
723 2082 843 2135 secutus
866 2073 912 2134 sit.
950 2074 985 2134 de
1003 2073 1156 2153 Oedipode
1171 2084 1200 2136 et

133 2136 347 2221 ASttmemnone
370 2178 430 2219 non
453 2158 543 2219 multa
567 2158 623 2219 dici
646 2167 787 2238 possunt:
818 2167 943 2237 utraque
971 2159 1057 2237 pueri
1078 2177 1198 2220 manum

131 2230 217 2301 refert
244 2243 294 2322 qui
322 2261 379 2305 uec
401 2242 578 2323 Sophoclem
608 2262 665 2304 nec
693 2243 870 2322 Aeschylum
898 2242 1090 2315 intellexerim
1124 2247 1199 2323 Aga-

129 2320 282 2388 memnona
310 2336 390 2389 certa
422 2328 541 2406 vestigia
571 2328 702 2406 Aegisthi
731 2328 841 2389 Liviani
876 2328 988 2388 relerre
1020 2327 1199 2389 Ribbeckius

127 2405 251 2473 monuit.
293 2413 438 2492 Oedipum
468 2414 507 2473 ita
536 2413 681 2475 contraxit
709 2421 742 2473 ut
770 2413 800 2472 in
826 2414 907 2474 1060
930 2412 1063 2475 versibus
1085 2413 1198 2474 cantica

127 2476 189 2568 {330
211 2516 313 2559 versus
335 2498 579 2577 complectantur,
601 2497 778 2559 sacrificium
800 2505 829 2556 et
851 2495 1051 2558 necromantia
1070 2498 1143 2571 230,
1166 2505 1200 2559 ut

125 2573 182 2660 Ι1181
205 2581 318 2644 1505155
342 2584 404 2645 500
426 2600 529 2643 versus
550 2581 766 2660 relinquantur.
804 2582 840 2642 dc
862 2581 962 2641 Medea
986 2598 1084 2659 nuper
1102 2581 1197 2641 Brau-

126 2661 195 2722 0105
213 2666 339 2745 plurima
356 2666 506 2745 congessit
520 2685 555 2727 ex
569 2666 712 2745 Euripide
727 2673 766 2740 et,
789 2684 877 2745 quem
892 2665 1039 2727 lectitasse
1054 2666 1196 2739 Senecam

126 2732 237 2831 llilique
251 2753 372 2831 vestigia
387 2760 540 2831 apparent,
564 2751 683 2825 Ovidio;
707 2769 882 2830 quamquam
902 2749 932 2811 in
947 2768 1091 2812 summam
1106 2769 1196 2830 quae-

125 2827 230 2898 uronis
251 2835 324 2898 locis
346 2836 492 2896 similibus
515 2837 709 2915 congerendis
732 2854 792 2896 non
815 2835 940 2897 multum
970 2835 1136 2910 lucramur,
1164 2842 1198 2894 ut

127 2914 218 2982 Muca
240 2920 275 2981 de
297 2920 397 2982 Medea
421 2920 535 2981 dicendi
560 2921 657 2982 olficio
681 2939 740 2981 non
765 2920 857 2981 simus
882 2939 898 2982 a
920 2920 1049 2981 Braunio
1071 2919 1195 2991 1555110)

210 3005 243 3066 15
259 3005 388 3068 Senecae
403 3005 503 3067 Medea
522 3004 673 3085 Euripidis
693 3004 841 3082 tragoedia
863 3005 901 3066 ita
925 3010 1075 3067 contracta
1098 3010 1142 3063 est
1164 3010 1198 3062 ut

126 3066 186 3144 file
209 3088 355 3152 dimidiam
378 3098 491 3169 partem
513 3107 687 3152 scaenarum
710 3089 874 3164 contineat,
905 3096 934 3149 et
962 3087 1001 3147 ita
1023 3086 1195 3166 amplificata

125 3164 150 3214 ut
176 3168 211 3234 in
232 3174 328 3235 medio
351 3174 437 3236 solito
458 3192 542 3236 more
564 3193 669 3235 scaena
691 3175 802 3236 inserta
823 3174 861 3235 sit
884 3173 919 3235 de
934 3171 1033 3233 Medea
1048 3188 1194 3231 venenum

124 3252 270 3329 ⁰⁰qnente
293 3269 322 3320 et
343 3259 515 3339 longissima
538 3268 567 3320 et
589 3275 725 3338 agraeco
742 3268 828 3338 pocta
844 3257 946 3319 aliena.
985 3272 1052 3317 cum
1069 3254 1194 3317 Creonte

184 3374 290 3385 -0———.
301 3380 323 3385 -.

120 3418 213 3491 ''iizio
229 3440 268 3504 (A.
285 3441 357 3509 E.'p.
378 3443 439 3505 131)
461 3441 580 3494 accedere
604 3455 655 3492 non
677 3455 694 3559 p

116 3496 167 3544 ⁰⁰¹¹
194 3506 305 3574 loquitur
321 3511 395 3578 qnasi
412 3524 487 3576 opem
504 3510 596 3574 laturo,
614 3508 659 3560 sed
696 3524 726 3560 55
744 3507 818 3560 dicit:
836 3521 908 3558 snam
924 3510 1021 3574 partem
1039 3507 1134 3573 Iupiter
1151 3506 1194 3558 de·
1274 3566 1277 3573 Ι

114 3548 221 3641 λῐέᾶες
237 3591 327 3645 nempe
345 3579 412 3631 sitne
429 3582 502 3644 pater
517 3576 633 3629 Herculis
650 3591 681 3627 an
695 3575 760 3627 15155
769 3573 931 3642 praetendat;
951 3574 982 3625 ad
998 3589 1038 3627 me
1053 3578 1154 3642 spectat
1166 3578 1195 3625 ut

112 3626 202 3692 ¹⁸¹¹¹¹s
217 3642 246 3695 de
263 3643 377 3698 Herculis
395 3645 469 3697 lactis
487 3644 703 3710 vaniloquentiam
722 3642 879 3709 redarguam.
912 3640 1011 3698 παιδός
1028 3658 1053 3693 v.
1065 3646 1112 3696 170
1131 3657 1194 3708 quo·

110 3696 205 3759 ”³⁰⁶0
221 3713 393 3780 corrigendum
411 3713 511 3765 511555
531 3712 622 3764 habeo.

211 3776 279 3842 ⁸ch
296 3780 360 3833 11155.
379 3780 426 3832 Rh.
443 3779 534 3833 Xllllll
558 3795 582 3845 p.
601 3780 633 3831 08
653 3793 691 3843 sq.
711 3782 820 3828 ceterum
839 3777 964 3829 Braunius
985 3776 1051 3828 serio
1075 3777 1194 3842 opinatur

105 3831 133 3870 ‘¹
163 3832 266 3912 Hygini
288 3848 388 3901 sabulis
404 3848 544 3915 aliquarum
570 3861 652 3898 rerum
673 3844 788 3896 notitiam
806 3842 929 3897 Senecam
946 3844 1070 3912 petuisse
1087 3844 1201 3911 1510).

946 3929 1002 3986 tt*

697 3440 783 3492 ossim.
818 3439 930 3490 delore
953 3437 1021 3490 enim
1044 3439 1194 3506 Amphitruo
