2602 4380
146 176 210 237 XVI

146 346 316 409 tribuerim:
347 366 525 427 quamquam
555 346 756 408 confitendum
786 356 831 408 est
859 349 889 409 in
919 347 1050 427 antiquis
1078 349 1219 429 catalogis

144 431 340 496 bibliothecae
362 433 518 494 Bobieusis
540 433 597 493 hcc
619 432 760 493 uolumen
784 451 845 495 uon
868 434 1101 495 commemorari.
1146 435 1219 496 Sae-

146 516 213 578 cnlc
243 517 357 578 decimo
388 525 493 579 octauo
523 518 604 578 hunc
632 517 764 578 codicem
788 526 816 578 et
838 518 869 580 in
893 517 1069 581 bibliotheca
1091 519 1219 580 Ambro-

144 601 228 664 siana
241 603 379 667 fuisseet
400 603 431 664 in
454 602 538 665 initio
561 621 623 664 non
647 609 836 682 accusatque
851 603 957 665 imbue
971 602 1110 666 mutilum
1125 605 1219 669 fuisse

145 695 269 749 constat.
313 687 411 761 lfolia,
438 705 513 766 qnae
536 687 620 748 initio
645 687 734 748 huius
756 688 867 748 saeculi
889 695 1005 750 seruata
1027 689 1159 763 inuenit,
1183 709 1219 751 ex

144 779 245 833 uetere
260 791 400 853 compage
416 773 512 834 solnta
527 772 659 834 numeris
674 773 713 833 ita
730 772 862 833 distinxit
877 775 1008 853 Angelus
1023 774 1091 851 Mai,
1107 785 1141 837 nt
1155 775 1219 836 sin-

145 856 228 936 gulas
250 857 373 938 paginas
396 866 574 919 numeraret.
863 874 869 884 ²

229 942 341 1005 Paucas
364 943 507 1005 lectiones
529 962 565 1004 ex
588 941 629 1002 eis
651 941 740 1017 foliis,
763 960 839 1021 quae
854 942 985 1004 Senecae
999 943 1217 1022 tragoediarum

141 1027 307 1106 fragmenta
340 1028 511 1103 continent,
553 1027 704 1090 festinanti
738 1027 849 1088 calamo
884 1029 1017 1090 enctanit
1048 1028 1219 1091 Fridericns

142 1109 255 1174 Ritschl
279 1121 308 1173 et
330 1112 440 1192 publici
464 1112 537 1175 iuris
560 1111 630 1174 fecit
651 1111 682 1173 in
704 1111 855 1190 Parergcn
879 1111 969 1173 uol.l
990 1131 1058 1193 pag.
1075 1116 1137 1178 305
1154 1132 1217 1193 seq.

142 1195 199 1266 Qui
221 1198 247 1258 si
269 1198 389 1276 longius
411 1197 553 1278 temporis
576 1196 703 1276 spatium
732 1198 763 1258 in
793 1196 920 1258 lectione
941 1198 1122 1276 perficienda
1145 1217 1217 1261 con-

142 1283 332 1362 sumpsisset,
361 1290 391 1344 et
420 1283 507 1363 plura
535 1282 655 1362 legisset
685 1290 714 1343 et
741 1282 877 1348 rectiora.
921 1281 1022 1362 ltaque
1044 1284 1219 1363 imperfecta

141 1365 293 1430 Ritschelii
320 1367 448 1429 lechone
477 1367 544 1429 freti
566 1366 713 1428 Rudolfns
734 1367 842 1447 Peipcr
872 1375 907 1428 et¹
924 1366 1073 1430 Gustauus
1096 1368 1219 1430 Richter

143 1471 243 1514 ueram
269 1452 304 1514 de
327 1451 438 1514 codicis
459 1452 595 1532 rescripti
620 1456 721 1531 (quern
746 1450 772 1512 lt
794 1451 1019 1532 appellabimus)
1042 1454 1217 1515 auctoritate

142 1545 171 1598 et
193 1539 229 1600 da
250 1537 374 1614 ratione,
398 1555 474 1615 quae
495 1537 573 1601 inter
596 1535 623 1597 ll
645 1544 674 1598 et
696 1543 811 1598 ceteros
832 1537 962 1600 Senecae
985 1538 1102 1600 codices
1123 1539 1218 1601 inter·

141 1624 227 1698 cedit,
251 1623 424 1702 opinionem
446 1641 507 1683 non
536 1630 674 1702 poterant
701 1621 859 1701 concipere
880 1622 912 1684 in
936 1622 1064 1684 editione
1086 1623 1218 1686 Senecae

141 1708 358 1789 tragoediarum
381 1727 406 1768 a.
426 1709 505 1772 1867
531 1714 647 1768 curata:
672 1707 750 1772 conf.
774 1706 911 1786 inprimis
933 1709 1026 1786 praef.
1048 1727 1116 1789 pag.
1139 1727 1219 1770 xxxu

141 1811 214 1872 seq„
238 1793 289 1855 ubi
311 1792 528 1854 Ritschelianae
552 1791 717 1853 collationis
746 1792 864 1853 silentio
893 1791 924 1852 in
948 1811 1080 1854 errorem
1103 1792 1216 1855 inducti

141 1886 203 1940 arte
226 1879 385 1940 cohaerere
409 1876 435 1938 a
458 1897 526 1939 cum
549 1876 700 1938 codicibus
722 1876 908 1957 interpolatis
931 1877 978 1954 (Α)
1001 1878 1113 1958 opinati
1136 1888 1216 1940 sunt.

140 1962 325 2042 Vbicumque
347 1981 446 2043 meum
468 1962 681 2043 apographum·
696 1981 711 2023 a
726 1961 879 2025 Ritschelii
902 1963 1072 2024 testimonio
1095 1963 1216 2038 recedit,

140 2049 170 2109 in
194 2067 226 2109 re
249 2048 398 2128 praesenti
413 2048 488 2110 scito
503 2065 550 2108 me
566 2047 638 2109 mihi
653 2047 846 2126 persuasisse,
868 2046 1095 2109 Ritschelianam
1111 2049 1216 2112 lectic-

140 2152 208 2196 nem
232 2152 300 2194 curn
322 2132 432 2195 codicis
455 2132 592 2194 ductibus
615 2132 780 2194 consociari
803 2151 865 2193 non
888 2150 986 2212 posse.

204 2217 359 2280 Pertinent
373 2225 471 2278 autem
486 2217 521 2278 ad
538 2217 668 2279 Senecae
685 2218 850 2298 tragoedias
866 2217 938 2278 haec
953 2218 1086 2297 quinque
1101 2217 1213 2294 folialt:

135 2325 138 2331 ¹
228 2305 255 2364 1.
273 2303 304 2376 2)
319 2301 444 2381 paginae
459 2299 596 2379 4731474
612 2320 680 2364 cum
696 2302 812 2382 paginis
823 2304 970 2378 4711472,
987 2321 1054 2363 cnm
1070 2321 1130 2381 quc
1144 2302 1215 2364 folio

140 2387 227 2448 etiam
250 2405 333 2448 unnc
355 2387 531 2462 cohaerent,
555 2387 720 2448 efficiebant
748 2387 818 2448 clim
842 2387 981 2448 intimum
1006 2386 1139 2449 fasciculi
1162 2387 1215 2449 ali-

140 2472 226 2533 cuius
249 2469 504 2551 (quaternionis‘f)
524 2491 578 2551 par
600 2472 755 2548 folicmm;
779 2472 935 2534 continent
950 2473 1081 2534 Senecae
1095 2472 1216 2534 Medeae

141 2575 246 2618 uersus
278 2557 463 2632 tuo—2743
497 2558 528 2618 in
556 2557 659 2618 codice
683 2576 768 2619 sacro
797 2558 870 2619 haec
901 2557 961 2618 duo
994 2557 1062 2619 folia
1092 2557 1214 2618 innerso

141 2642 244 2703 ordine
266 2641 393 2702 adhibita
417 2660 481 2703 esse
498 2651 636 2721 apparet;
659 2642 843 2722 aliquantum
858 2642 1008 2704 desectum
1024 2650 1069 2703 est
1085 2641 1121 2703 de
1137 2660 1215 2703 mar·

140 2728 208 2806 gine
231 2726 395 2806 superiore.

223 2813 253 2886 3)
279 2811 403 2891 paginae
418 2813 556 2888 4491466
571 2812 675 2872 folium
691 2811 840 2888 singulare
864 2811 1005 2885 efficiunt,
1028 2811 1113 2872 cuius
1137 2830 1215 2872 mar-

139 2897 238 2976 ginem
268 2896 439 2957 interiorem
469 2915 504 2958 er
532 2906 614 2976 parte
642 2897 770 2957 resecuit
802 2897 842 2971 is,
878 2897 929 2975 qui
958 2896 1076 2957 saeculo
1107 2898 1213 2957 octauo

140 2999 256 3044 sacrum
280 2980 422 3043 nolnmeu
445 2981 610 3061 suppleuit;
634 2981 768 3042 continet
782 2981 839 3041 hoc
853 2981 956 3042 folium
973 2980 1092 3043 Medeae
1107 2999 1214 3042 uersus

51 3087 54 3096 ·
140 3069 318 3130 694-744.
349 3066 430 3128 lnter
451 3067 588 3146 paginam
610 3069 672 3130 472
696 3074 725 3126 et
746 3066 883 3144 paginam
899 3068 961 3129 449
984 3067 1123 3127 undecim
1145 3065 1214 3127 folia

140 3153 279 3214 uidentur
301 3151 442 3231 periisse;
473 3151 653 3213 accuratiora
676 3159 774 3213 autern
797 3151 832 3212 de
855 3170 887 3212 ea
909 3170 942 3212 re
964 3150 1031 3212 idco
1046 3151 1135 3212 statui
1152 3169 1212 3211 non

139 3248 275 3316 possunt,
307 3236 385 3316 quia,
409 3255 476 3298 cnm
502 3236 626 3319 paginae
648 3236 808 3315 pleraeque
832 3236 955 3298 uicenos
979 3235 1214 3315 complectantur

141 3341 256 3396 uersus,
280 3322 404 3401 paginae
428 3323 565 3396 4491466
589 3320 793 3382 undeuicenos
815 3321 981 3382 continent.

224 3410 253 3468 4.
278 3409 309 3482 51
339 3407 462 3486 paginae
486 3408 622 3481 3751376
645 3424 713 3468 cum
741 3407 858 3485 paginis
881 3407 1033 3481 3851386,
1062 3423 1130 3465 cnm
1153 3423 1212 3484 quc

138 3490 211 3553 folio
234 3492 321 3554 etiam
344 3511 425 3554 nunc
441 3492 609 3566 cohaerent,
633 3490 800 3553 efficiebant
822 3490 892 3551 olim
915 3491 1084 3570 proximum
1106 3489 1143 3550 ah
1165 3490 1213 3549 in-

138 3575 211 3641 timo
232 3577 367 3639 fasciculi
388 3577 514 3640 alicuius
535 3595 589 3656 par
612 3576 760 3638 foliorum.
798 3595 869 3655 ergo
893 3593 1055 3654 unum-par
1073 3574 1213 3636 foliorum

175 3667 216 3722 ter
237 3662 373 3740 paginam
396 3664 457 3725 376
481 3673 509 3724 et
531 3663 669 3742 paginam
691 3663 761 3725 385.
775 3662 879 3740 periit;
903 3661 1059 3722 continent
1081 3660 1214 3722 Senecae

195 3744 300 3824 lipodis
322 3765 427 3808 uersus
451 3748 678 3810 auc-tanec-
694 3747 873 3811 508-545.

195 3863 342 3875 ..ξ-

209 3927 228 3991 ¹)
247 3930 317 3981 Gonf.
337 3930 413 3981 etiam
430 3929 529 3995 Peiperi
548 3935 574 3982 et
591 3929 702 3982 Richteri
719 3929 871 3997 praefation.
889 3943 948 3996 pag.
966 3927 1044 3978 lllllll
1062 3942 1137 3996 seqq.
