2602 4380
456 1046 648 1118 nunctum
671 1050 837 1132 [nunus]

197 1223 258 1287 287
302 1221 356 1284 buc
377 1238 458 1283 mous
479 1233 505 1283 et
527 1221 596 1284 illuc
618 1227 697 1285 cessit
719 1225 827 1296 (cecidit
849 1223 947 1299 codd.)

98 1308 224 1369 ‘Seneca
248 1313 309 1368 nat.
331 1314 443 1385 quaest.
466 1305 512 1380 vt,
529 1308 615 1382 25,2
639 1311 667 1368 si
686 1307 755 1370 ociis
776 1311 902 1380 crebre,
926 1315 1009 1373 aiunt
1031 1311 1186 1392 altaecauio

110 1393 205 1455 Ossaea
228 1391 348 1472 Olympo
371 1389 530 1462 cohaesisse,
553 1392 651 1454 deiude
673 1404 819 1454 terrarum
839 1404 920 1457 motu
941 1402 1140 1459 recessisse
1161 1408 1187 1458 et

108 1477 208 1558 fissam
222 1479 311 1538 unius
325 1476 552 1554 moenitudiuem
563 1480 669 1539 incutis
684 1482 715 1539 ia
730 1478 801 1540 siuas
812 1489 918 1557 partes.
940 1479 1052 1541 Lucan.
1066 1480 1113 1556 vl,
1125 1482 1185 1544 347

106 1573 256 1642 postquam
280 1563 452 1622 discessit
476 1559 596 1640 Olympo
618 1560 759 1623 Herculea
785 1567 882 1641 atacis
904 1563 974 1625 Ossa
995 1583 1085 1626 saauu
1107 1564 1188 1626 subi-

109 1657 209 1726 taeque
230 1649 349 1707 ruinam
369 1648 455 1706 sensit
476 1663 566 1726 aquae
588 1644 706 1708 Nereus.
753 1645 853 1708 Claud.
876 1655 951 1727 rapt.
974 1647 1109 1723 Prasii,
1129 1651 1187 1712 483

109 1730 283 1793 dissiluit
304 1730 394 1810 aalide
415 1739 516 1791 certeco
532 1729 654 1792 Ossaeus
671 1728 801 1812 Olympo.
835 1730 974 1794 Philostr.
992 1733 1077 1812 imag.
1095 1733 1131 1808 ΙΙ,
1151 1736 1188 1795 14

107 1810 152 1878 cai
177 1811 211 1877 δ’
237 1809 298 1898 ὅρη
324 1812 547 1878 διίσταται
568 1812 607 1877 τὸ
631 1811 789 1899 ἀποχρῶν
818 1819 866 1900 τῷ
888 1821 1032 1899 ποταμῷ
1054 1821 1186 1900 μέτρον.

109 1901 148 1961 ci.
166 1899 285 1961 Diodor.
302 1899 349 1973 tv,
369 1901 417 1974 18,
433 1901 463 1960 6.
486 1898 582 1960 Strab.
598 1918 628 1979 p.
645 1902 717 1964 430.
740 1901 846 1962 Athen.
863 1920 892 1981 p.
910 1904 971 1966 639
983 1900 1018 1962 Ε.
1053 1902 1187 1982 Spanhe·

108 1985 188 2046 mins
210 1984 244 2046 ad
269 1983 380 2046 Gallim.
404 1983 504 2062 hymn.
528 1984 590 2045 [tel.
616 1987 686 2048 405.

197 2102 259 2164 490
303 2095 491 2164 tousuratus
510 2105 665 2182 coniuyem,
688 2109 751 2184 reci
771 2103 848 2166 dabit
870 2103 961 2181 (dabis
983 2103 1080 2178 codd.)

108 2187 190 2248 dabit
210 2185 369 2260 Hercules3
393 2187 479 2247 ouius
494 2204 603 2248 nornen
619 2195 699 2250 etex
721 2187 962 2251 antecedentibus
978 2187 1062 2250 facile
1078 2187 1188 2249 subau-

107 2272 193 2420 {im
211 2278 240 2332 et
262 2269 332 2331 olim
349 2269 544 2332 ‘subauditum
569 2289 634 2334 esse
657 2273 742 2334 docet
765 2273 844 2352 quod
873 2273 1008 2353 sequitur
1033 2277 1097 2334 airu
1115 2290 1188 2354 pro-

196 2475 258 2539 522
302 2473 436 2553 ioseraas
458 2476 516 2534 iaco
538 2479 634 2537 souuit
655 2495 670 2536 c
691 2476 784 2555 faudo
806 2477 909 2555 frocos

107 2561 167 2622 boc
189 2569 270 2622 recte
299 2560 410 2625 dictum
433 2567 525 2623 esset.
540 2558 565 2618 si
595 2577 631 2621 ex
659 2560 763 2623 inieris
792 2579 875 2623 nunc
903 2560 1021 2622 demum
1044 2557 1188 2619 Hercules

108 2651 290 2723 emergeret;
320 2655 348 2706 at
371 2636 424 2724 per
446 2643 522 2703 riam
543 2641 693 2722 pubbcam
715 2645 750 2706 ad
772 2643 889 2706 Thebas
917 2643 1038 2705 accedit.
1083 2641 1188 2721 ampli·

107 2729 205 2793 beavit
219 2728 413 2809 interpolator
435 2728 515 2806 qirod
531 2747 557 2790 v.
575 2729 634 2790 521
660 2729 696 2790 de
717 2738 796 2791 terra
812 2727 947 2790 Herculis
962 2724 1114 2807 gressibus
1129 2725 1189 2786 cal·

108 2825 174 2878 cata
198 2822 227 2876 et
241 2831 387 2876 concussa
401 2822 481 2874 recte
497 2810 619 2873 dicitur:
643 2832 696 2876 cur
713 2818 805 2894 raucit
820 2811 936 2876 solutu?
961 2811 1036 2874 male
1058 2811 1135 2872 idem
1154 2827 1188 2871 ex

108 2919 135 2960 v.
153 2900 215 2962 523
239 2902 290 2977 (est
312 2909 354 2960 est
374 2901 484 2960 sonitus
498 2896 633 2960 Huculei
650 2900 768 2978 maius)
792 2898 906 2960 iteravit
919 2897 1043 2960 soaaudi
1055 2895 1187 2956 verbum.

108 2984 240 3062 denique
255 2983 286 3044 in
305 2983 404 3044 animo
426 2980 565 3044 babuisse
583 2982 699 3045 ridetur
712 2983 786 3063 Thy.
802 2985 865 3047 262
887 2987 944 3044 icoc
959 2984 1052 3059 usuait
1067 2999 1081 3041 e
1095 2979 1188 3059 fundo

107 3068 213 3132 solum.

198 3187 259 3249 634
303 3196 443 3248 mactetur
465 3185 567 3260 bestia,
586 3186 660 3247 baua
681 3184 757 3262 fuat
780 3190 874 3248 uirtus
894 3192 992 3246 aotam

305 3269 412 3350 piaque
433 3289 563 3345 muretus
584 3270 680 3343 bostis.
692 3269 806 3341 bladae
826 3267 918 3349 lycus

108 3356 202 3418 bestia
231 3371 286 3433 pro
315 3354 402 3417 baetis
430 3373 576 3434 reponere
600 3373 661 3416 uon
684 3354 829 3430 dubitavi,
859 3369 1036 3434 quamquam
1062 3349 1190 3411 sciebam

110 3457 198 3501 voces
221 3438 377 3519 dactylicus
399 3447 428 3501 et
449 3440 573 3502 creticae
595 3439 626 3501 in
649 3439 891 3519 interpunctione
907 3455 974 3499 cum
996 3433 1191 3514 sequentibus

109 3525 174 3586 iere
197 3541 259 3586 non
275 3524 441 3586 coalescere
464 3523 522 3591 uisi
538 3534 571 3587 ut
593 3524 624 3587 iu
646 3532 752 3603 quarto
775 3523 851 3604 pede
870 3520 1049 3603 synaloephe
1070 3519 1120 3580 fiat
1140 3519 1191 3593 (ei.

110 3629 138 3671 r.
156 3610 239 3672 1040
260 3619 317 3671 stat
338 3627 397 3671 ecce
411 3610 449 3670 aa
469 3628 537 3671 aras
557 3608 661 3686 boetia,
684 3619 812 3689 aspectat
829 3607 976 3683 maauu);
999 3603 1071 3667 illud
1095 3612 1192 3664 tamen

111 3703 142 3756 et
163 3711 264 3755 sermo
287 3701 316 3754 et
337 3711 452 3756 sensus
478 3693 630 3775 postulure
652 3692 805 3756 ridebatur
827 3710 885 3754 nec
905 3691 1030 3752 n‘unium
1052 3686 1193 3751 differunt

111 3797 216 3840 versus
232 3778 327 3857 qualis
343 3788 387 3840 est
404 3780 503 3858 agenn
521 3779 584 3843 206
601 3782 714 3858 captiva
731 3776 873 3857 Paryama
888 3784 914 3838 et
929 3777 979 3839 diu
993 3780 1080 3855 victos
1097 3769 1193 3852 Pbryff

111 3883 171 3944 aas.
211 3863 249 3923 ct.
272 3861 320 3923 ut.
344 3865 416 3926 922.
