2580 4366
533 226 561 266 L.
584 225 689 268 annam
710 224 838 268 SENECAE

441 372 768 438 CLYTAEMNESTRA

235 476 322 553 Quid,
345 475 445 555 segnis
467 476 575 554 anime,
597 487 658 539 tuta
681 477 804 539 consilia
828 475 961 558 expetis?

148 562 220 642 quid
242 559 417 624 fluctuaris?
448 561 544 624 clausa
567 562 623 623 iam
646 562 750 624 melior
772 564 815 624 via
839 573 899 626 est:

149 647 232 709 licuit
254 647 379 727 pudicos
402 646 537 726 coniugis
560 649 709 726 quondam
733 656 814 709 toros

149 740 179 793 et
200 739 317 810 sceptra
340 742 418 795 casta
440 731 526 793 vidua
549 733 638 794 tutari
659 732 716 793 lide
738 767 780 777 -

81 845 86 852 v
150 817 266 898 periere
290 835 388 878 mores
411 817 458 878 ius
480 818 571 880 decus
593 818 686 898 pietas
708 817 781 878 tides

149 903 252 981 etqui
275 902 372 964 redire
395 920 461 963 cum
485 902 563 982 perit
585 902 680 964 nescit
701 903 815 982 pudor3

150 988 185 1049 da
208 989 288 1048 trena
311 995 341 1047 et
364 1005 480 1048 omnem
503 1005 598 1067 prona
621 988 781 1067 nequitiam
804 987 907 1050 incita:

150 1091 204 1152 per
227 1072 337 1134 scelera
361 1091 480 1152 semper
501 1071 662 1135 sceleribus
684 1081 781 1134 tutum
805 1082 850 1134 est
872 1075 937 1134 iter.

151 1169 248 1218 tecum
271 1158 334 1235 ipsa
358 1175 439 1218 nunc
462 1156 560 1218 evolve
583 1157 728 1219 femineos
751 1158 844 1234 dolos,

151 1241 229 1321 quod
254 1242 311 1302 ulla
335 1242 465 1303 coniunx
488 1241 598 1322 perlida
620 1251 708 1321 atque
731 1243 827 1322 impos
850 1243 896 1305 sui

151 1344 251 1387 amore
274 1344 372 1399 caeco,
396 1328 475 1405 quod
498 1327 667 1388 novercales
690 1346 796 1390 manus

154 1430 251 1486 ausae,
275 1411 354 1490 quod
377 1410 484 1472 ardens
507 1411 595 1493 impia
617 1413 700 1490 virgo
723 1413 795 1488 lace,

150 1494 289 1557 Phasiaca
313 1495 430 1573 lugiens
452 1514 543 1575 regna
565 1496 732 1558 Thessalica
755 1497 855 1559 trabe:

151 1581 274 1655 terrum,
297 1599 423 1653 venena;
446 1581 491 1642 vel
514 1583 686 1661 Mycenaeas
708 1584 812 1644 domos

152 1667 310 1728 coniuncta
333 1666 414 1727 socio
436 1668 563 1744 prolege
585 1667 690 1727 furtiva
713 1676 774 1728 rate
796 1702 838 1711 -

152 1751 223 1829 quid
245 1750 345 1812 timida
368 1751 500 1830 loqueris
522 1753 599 1814 lurta
622 1760 651 1813 et
674 1753 792 1813 exilium
816 1761 844 1813 et
869 1750 979 1830 sugas?

153 1855 239 1896 soror
260 1836 315 1896 ista
337 1837 421 1910 lecit3
446 1845 475 1896 te
497 1837 580 1898 decet
602 1838 696 1898 maius
720 1839 811 1899 nefas,

441 1988 584 2049 NVTRlX

238 2089 351 2168 Regina
373 2090 505 2151 Danaum
529 2098 558 2152 et
579 2090 714 2151 inclitum
737 2091 831 2150 laedae
855 2109 960 2170 genus,

154 2175 226 2255 quid
249 2175 335 2236 tacita
357 2193 456 2236 versas
479 2175 584 2254 quidve
607 2175 723 2236 consilii
746 2176 895 2254 impotens

154 2259 268 2322 tumido
291 2259 405 2321 seroces
427 2261 557 2340 impetus
579 2261 677 2323 animo
701 2259 802 2339 geris?

155 2346 225 2405 licet
247 2345 310 2423 ipsa
334 2343 430 2417 sileas,
453 2355 532 2406 totus
555 2346 585 2406 in
609 2346 691 2406 vultu
715 2353 760 2405 est
782 2347 875 2405 dolor.

154 2430 243 2510 proin
267 2429 410 2509 quidquid
434 2441 487 2502 est,
512 2431 547 2491 da
569 2441 687 2509 tempus
709 2449 743 2490 ac
766 2431 892 2510 spatium
916 2431 983 2492 tibi:

157 2514 236 2593 qnod
259 2514 333 2575 ratio
356 2533 417 2575 non
441 2515 505 2594 quit
528 2534 615 2594 saepe
638 2516 750 2576 sanavit
772 2534 864 2576 mora.
1198 2531 1240 2583 tao

156 2619 236 2659 cnvv.
281 2600 390 2673 Maiora
414 2599 548 2661 cruciant
570 2618 657 2679 quom
680 2612 714 2661 ut
736 2619 833 2662 moras
857 2601 968 2680 possim
991 2603 1069 2681 pati3

159 2685 292 2745 llammae
314 2684 457 2745 medullas
480 2694 509 2746 et
531 2703 584 2745 cor
606 2695 734 2745 exurunt
756 2704 865 2760 meum,

159 2771 269 2829 mixtus
292 2769 387 2829 dolori
410 2769 539 2831 subdidit
562 2771 697 2831 stimulos
720 2771 818 2843 timor,

160 2853 268 2915 invidia
290 2854 388 2933 pulsat
410 2864 531 2934 pectus;
554 2855 625 2915 hinc
648 2856 777 2916 animum
801 2856 871 2936 iugo

158 2939 268 3019 premit
290 2939 399 3018 cupido
422 2940 518 3019 turpis
542 2948 571 2999 et
592 2939 669 3002 vinci
691 2950 782 3001 vetat:

161 3033 192 3085 et
214 3024 292 3085 inter
314 3025 385 3085 istas
407 3025 515 3086 mentis
538 3024 675 3086 obsessae
696 3026 785 3099 laces,
1014 3090 1017 3101 ,

161 3111 258 3170 lessus
282 3108 400 3188 quidem
423 3118 453 3170 et
474 3109 626 3171 devinctus
649 3118 678 3170 et
699 3110 915 3190 pessumdatus,

163 3194 262 3274 pudor
285 3193 415 3255 rebellat.
460 3194 599 3255 lluctibus
622 3193 709 3255 variis
731 3213 812 3274 agor,

164 3289 197 3340 ut
219 3298 286 3340 cum
309 3278 380 3339 liinc
402 3279 584 3358 protundum
609 3287 722 3355 ventus,
746 3281 816 3340 hinc
839 3288 936 3341 aestus
959 3281 1045 3360 rapit,

249 3494 361 3529 scaenae
372 3481 530 3532 inscribitur
539 3479 706 3548 Clytemestra
718 3481 767 3543 (etc
776 3483 873 3547 ubique
884 3481 940 3532 ΕΑ.
962 3483 1121 3548 usurpando
1135 3487 1244 3536 nomine

165 3545 266 3597 Seneca
286 3549 423 3600 abstinuit.
448 3548 482 3609 cf.
504 3549 559 3599 Lio.
578 3547 664 3599 Anda.
683 3564 707 3600 a.
722 3550 753 3600 11
773 3548 856 3614 riso.)
875 3548 965 3600 Nutrix
1046 3552 1095 3602 108
1114 3552 1243 3605 animasse

164 3615 366 3667 amaran
420 3620 467 3670 111
486 3616 688 3668 castaiunctaA
741 3619 789 3669 120
807 3616 855 3668 Tb.
868 3618 983 3684 graveld
1038 3620 1083 3670 121
1104 3618 1243 3687 Mycenaea

165 3680 242 3732 domo
260 3682 285 3732 A
355 3687 403 3736 124
421 3699 476 3737 sors
493 3685 541 3737 ists
561 3684 586 3734 A
659 3686 705 3737 126
724 3684 867 3736 consiliaE
938 3689 985 3738 123
1004 3684 1077 3753 proisi
1096 3688 1146 3738 aad
1164 3689 1245 3739 tineo-

167 3749 221 3798 lam
239 3749 340 3800 odieca't
356 3753 501 3803 scholiasta
520 3753 551 3802 de
569 3767 621 3817 que
640 3751 700 3801 eide
717 3753 754 3802 ad
767 3753 863 3805 Plaed.
875 3753 927 3806 574
945 3757 1002 3820 (qui
1018 3770 1078 3805 cum
1102 3755 1160 3807 alta
1184 3772 1244 3823 per·

167 3831 233 3866 rare
252 3822 306 3868 tum
324 3835 363 3884 sq.
383 3836 461 3872 aereas
479 3836 530 3872 non
548 3819 604 3886 quit
621 3822 814 3886 interpretatus
831 3826 870 3872 est
886 3838 935 3887 per
954 3822 1058 3888 nequid)
1076 3821 1103 3873 Ε
1145 3824 1202 3877 roin
1220 3821 1249 3876 N

167 3883 274 3950 proinde
291 3885 351 3937 MA
421 3891 469 3942 130
488 3889 613 3955 nequit&
682 3891 728 3942 131
750 3893 778 3940 ut
802 3889 894 3940 omli
950 3893 995 3944 133
1014 3891 1093 3942 llxtns
1200 3895 1245 3946 131

163 3951 260 4018 pulsat.
280 3968 355 4007 cecus
372 3954 473 4008 lvincE
544 3957 591 4009 131
609 3954 725 4008 devictus
744 3955 770 4006 A
