2580 4366
557 221 700 267 Tutunus
718 248 721 254 Δ
748 250 751 255 ,

91 375 231 448 tuamque
253 368 288 429 ad
310 370 381 432 istas
402 370 543 432 solvimus
563 388 681 434 mensas
700 373 824 437 tamem:

89 452 197 512 ieiunia
220 453 315 534 exple,
341 455 451 517 mixtus
472 456 503 518 in
525 456 675 519 Bacchum
697 476 785 522 cruor
839 496 842 500 ⁴

89 547 241 617 spectante
261 547 292 599 te
313 548 447 620 potetur;
471 541 570 603 inveni
592 542 683 624 dapes

89 642 162 702 quas
183 624 247 703 ipse
269 624 387 703 fugeres
407 659 450 670 -
471 625 552 702 siste,
575 645 635 706 quo
656 642 800 710 praecept
820 630 906 694 ruis?

88 728 171 768 rma.
216 709 260 769 Ad
282 720 384 788 stagna
406 719 436 772 et
454 728 559 789 amnes
580 721 610 773 et
631 712 804 777 recedentes
824 735 916 798 aquas
944 733 958 765 τ
1028 744 1063 763 ·-

87 792 237 873 labrisque
258 794 294 855 ab
317 794 391 875 ipsis
411 795 527 858 arboris
546 794 653 878 plenae
673 797 767 877 fugas.
868 822 869 826 ¹

87 877 169 939 abire
191 878 223 939 in
245 887 340 940 atrum
363 880 490 942 carceris
510 880 597 943 liceat
618 882 678 944 mei

87 962 193 1037 cubile,
216 963 311 1041 liceat,
333 965 357 1026 si
379 983 484 1047 parum
506 965 608 1028 videor
622 967 729 1051 miser,

62 1102 64 1106 ,
86 1058 201 1109 mutare
222 1049 316 1129 ripas:
339 1049 421 1112 alveo
443 1050 559 1112 medius
580 1061 641 1124 tuo,

84 1133 281 1211 Phlegethon,
303 1134 454 1215 relinquar
475 1135 564 1215 igneo
586 1136 705 1198 cinctus
725 1138 810 1200 freto.

85 1218 265 1300 quicumque
287 1238 399 1301 poenas
419 1221 485 1300 lege
505 1221 633 1283 fatorum
654 1223 735 1286 datas
813 1243 816 1249 ·

84 1303 146 1384 pati
166 1304 288 1378 iuberis,
311 1305 446 1386 quisquis
467 1324 555 1367 exeso
577 1306 655 1368 iaceo
693 1344 696 1351 -

83 1388 206 1468 pavidus
227 1390 283 1451 sub
305 1403 391 1452 antro
413 1389 530 1471 iamque
551 1392 668 1454 venturi
689 1392 775 1454 times

83 1474 195 1536 montis
216 1475 343 1550 ruinam,
366 1476 500 1555 quisquis
522 1476 672 1538 avidorum
695 1477 774 1539 feros

82 1559 176 1621 rictus
195 1560 317 1621 leonum
339 1571 368 1621 et
390 1561 451 1620 dira
473 1559 630 1622 Furiarum
651 1563 768 1640 agmina

83 1644 245 1724 implicitus
265 1647 380 1719 horres,
403 1644 538 1725 quisquis
560 1646 707 1707 immissas
727 1647 807 1710 faces

81 1730 240 1791 semiustus
261 1731 365 1808 abigis,
386 1729 501 1791 Tantali
522 1747 624 1792 vocem
646 1732 751 1811 excipe

81 1816 271 1896 properantis
292 1815 328 1877 ad
350 1834 417 1876 ros:
442 1815 551 1877 credito
571 1825 692 1896 experto
714 1815 798 1891 mihi,

79 1910 174 1961 amate
196 1919 317 1980 poenas.
383 1899 501 1980 quando
523 1900 678 1980 continget
699 1899 773 1962 mihi

80 1984 210 2064 effugere
232 1983 380 2066 superos?
428 2005 491 2045 uva.
536 1988 614 2046 Ante
634 1984 774 2066 perturba
797 1987 918 2050 domum

80 2071 216 2151 inferque
238 2080 336 2131 tecum
359 2069 470 2150 proelia
494 2079 523 2130 et
544 2070 615 2131 ferri
636 2069 746 2131 malum

78 2155 199 2235 regibus
220 2173 361 2227 amorem,
384 2164 511 2216 concute
533 2155 638 2216 insano
660 2157 756 2216 ferum

78 2251 184 2324 pectus
205 2240 344 2302 tumultu.
389 2259 473 2301 rtur.
517 2239 564 2301 Me
585 2240 646 2322 pati
668 2257 781 2320 poenas
801 2239 895 2317 decet,

79 2345 141 2388 non
165 2344 229 2388 esse
250 2343 388 2406 poenam.
432 2325 533 2386 mittor
555 2335 590 2386 ut
610 2325 692 2406 dirus
714 2343 807 2406 vapor

21 2422 27 2428 ’
80 2411 187 2474 tellure
208 2420 295 2491 rupta
319 2409 362 2471 vel
385 2428 502 2488 gravem
524 2410 645 2491 populis
665 2410 744 2472 luem

77 2514 215 2578 sparsura
237 2495 338 2576 postis,
361 2494 467 2557 ducam
488 2494 520 2555 in
542 2495 727 2557 horrendum
748 2495 831 2557 netas

76 2602 148 2644 avus
170 2587 293 2662 nepotes
315 2613 357 2624 -
379 2597 486 2658 magne
507 2579 641 2642 divorum
662 2598 772 2661 parens

78 2676 249 2746 nosterque,
272 2665 405 2745 quamvis
426 2664 544 2745 pudeat,
567 2665 681 2744 ingenti
703 2664 773 2726 licet

75 2762 170 2813 taxata
192 2768 288 2832 poena
310 2748 413 2829 lingua
433 2749 585 2810 crucietur
604 2748 722 2829 loquax,
805 2809 806 2812 ,

76 2856 133 2898 nec
154 2837 211 2897 hoc
233 2832 353 2896 tacebo:
376 2850 495 2908 moneo,
517 2852 556 2895 ne
577 2851 674 2895 sacras
696 2851 802 2894 manno

74 2923 181 2982 violate
203 2919 291 2982 caede
315 2937 387 2980 neve
410 2918 506 2979 furiali
529 2916 607 2979 malo

74 3006 221 3087 aspergite
243 3022 317 3065 aras.
361 3005 443 3065 stabo
467 3013 497 3064 et
517 3003 625 3065 arcebo
648 3002 746 3064 scelus
772 3034 813 3046 ·-

74 3091 146 3173 quid
169 3109 221 3152 ora
243 3101 337 3151 terres
358 3088 480 3150 verbere
502 3098 532 3152 et
552 3097 647 3151 tortos
669 3089 752 3149 ferox

73 3176 196 3238 minaris
217 3171 353 3252 angues?
385 3173 456 3254 quid
477 3173 584 3234 famem
607 3173 726 3234 infixam
748 3171 860 3234 intimis

73 3263 168 3340 agitas
189 3255 348 3321 medullis?
377 3259 481 3337 flagrat
502 3260 658 3320 incensum
681 3256 729 3318 siti

73 3367 126 3409 cor
149 3356 178 3408 ct
199 3344 327 3427 perustis
348 3344 464 3405 flamma
486 3343 648 3405 visceribus
669 3343 757 3404 micat
779 3375 819 3385 -

73 3464 267 3474 „mm—-

72 3528 175 3579 sequor.

71 3616 276 3628 ,,,,,-.-...-

158 3685 189 3734 67
209 3695 298 3748 preces
316 3679 369 3732 ruis
386 3679 411 3729 It*
479 3681 512 3732 68
531 3679 628 3740 amnes]
653 3675 783 3729 manesE
852 3678 886 3728 to
904 3675 1046 3728 anuum&
1115 3679 1148 3730 ⁷2

70 3758 170 3802 mutare
187 3749 243 3816 ipse
261 3746 286 3798 Ε
355 3751 387 3801 '16
406 3747 501 3814 quique
518 3762 544 3800 v.
562 3753 581 3799 t.
600 3747 626 3797 A
694 3747 727 3796 '17
746 3742 854 3796 ieresE
907 3743 1149 3811 sapienetm

70 3821 171 3882 (rector
190 3816 256 3868 ordo
273 3815 409 3868 indicatur
427 3830 482 3866 non
496 3817 589 3880 prim
606 3820 699 3877 manu)
752 3814 785 3864 92
803 3811 894 3878 loquar
910 3813 936 3863 A
986 3814 1020 3866 93
1038 3814 1149 3865 sacraA
1170 3814 1217 3860 ae'··'

69 3888 105 3940 94
123 3884 217 3936 violata
235 3885 261 3935 A
312 3885 346 3936 95
363 3883 520 3951 aspergatA
579 3884 628 3937 too
644 3883 757 3948 proprio
776 3895 854 3933 verm
871 3878 929 3933 EA.
957 3880 1053 3933 dolavit
1069 3879 1147 3934 aaut·
1209 3940 1213 3945 ¹

70 3951 244 4021 teruarsort
261 3952 457 4019 intercederent
474 3951 578 4016 aliquot
595 3964 687 4000 vermo
702 3948 779 4018 pieni
795 3947 912 4019 WWJ

901 4033 953 4087 tu*
