2580 4366
606 229 703 272 tirone

176 377 237 437 huc
259 376 363 438 incede
385 378 478 456 gradu
500 378 647 440 marcidus
671 377 763 452 ebrio,

175 461 371 541 praecingens
392 480 479 524 roseo
502 471 635 543 tempora
656 463 786 524 vinculo.-

176 555 205 608 et
226 555 257 607 tu
282 565 367 625 quae,
389 548 501 627 gemini
524 548 640 628 praevia
662 547 814 628 temporis,

176 633 267 707 tarde,
291 631 383 706 stella,
407 632 485 694 redis
508 651 627 713 semper
648 632 827 693 amantibus:

176 724 205 778 te
228 714 345 789 matres,
369 718 451 778 avide
473 724 502 778 te
524 717 651 798 cupiunt
674 736 770 779 nurus

175 803 392 882 quamprimum
417 802 515 885 radios
538 821 677 882 spargere
703 802 827 863 lucidos.

264 937 361 997 Vincit
382 936 533 1015 virgineus
555 939 645 999 decor

262 1022 352 1101 longe
375 1022 532 1102 Cecropias
554 1041 660 1100 nurus,

264 1115 294 1168 et
316 1125 389 1186 quas
411 1106 531 1186 Taygeti
554 1107 632 1186 iugis

265 1201 382 1252 exercet
403 1192 542 1253 iuvenum
565 1193 653 1253 modo

262 1276 357 1337 muris
379 1276 459 1355 quod
482 1285 561 1338 caret
584 1279 737 1358 oppidum,

264 1370 293 1423 et
316 1381 388 1441 quas
411 1362 525 1424 Aonius
547 1363 622 1423 latex

264 1446 453 1525 Alpheosque
475 1465 558 1508 sacer
579 1448 664 1509 lavat.

263 1532 288 1592 si
309 1532 404 1591 forma
426 1531 495 1592 velit
520 1532 623 1612 aspici,

263 1616 369 1677 cedent
391 1617 520 1677 Aesonio
544 1617 611 1678 duci

261 1701 361 1780 proles
383 1701 516 1763 fulminis
538 1700 666 1784 improbi

262 1793 342 1865 aptat
363 1787 415 1866 qui
438 1786 506 1865 iuga
529 1786 665 1865 tigribus,

264 1889 320 1932 nec
342 1889 414 1943 non,
440 1872 492 1949 qui
514 1871 646 1950 tripodas
668 1877 775 1942 movet,

263 1955 352 2016 lrater
373 1955 496 2034 virginis
518 1974 649 2035 asperae,
703 1970 709 1979 ·

264 2040 348 2101 cedet
370 2040 490 2102 Castore
513 2059 580 2101 cum
604 2060 659 2102 suo

263 2123 369 2185 Pollux
392 2120 538 2187 caestibus
561 2126 667 2205 aptior.

263 2211 315 2282 sic,
338 2209 390 2283 sic,
415 2210 580 2287 caelicolae,
603 2228 720 2290 precor,

261 2295 358 2355 vincat
379 2295 489 2356 femina
512 2296 664 2373 coniuges

262 2380 305 2440 vir
327 2380 418 2458 longe
440 2388 563 2460 superet
586 2383 675 2443 viros

174 2513 252 2575 Haec
275 2533 342 2575 cum
365 2515 493 2576 femineo
517 2515 651 2577 constitit
672 2513 702 2575 in
726 2514 828 2591 choro,

174 2599 263 2660 unius
286 2600 376 2660 lacios
397 2600 544 2679 praenitet
567 2599 714 2661 omnibus.

174 2684 217 2745 sic
239 2703 307 2746 cum
330 2684 392 2745 sole
415 2685 493 2765 perit
515 2685 648 2746 sidereus
670 2685 778 2765 decor,

174 2778 203 2830 et
224 2770 308 2832 densi
330 2769 445 2831 latitant
466 2768 619 2832 Pleiadum
642 2788 746 2850 greges

174 2872 240 2915 cum
264 2853 383 2916 Phoebe
404 2854 531 2915 solidum
553 2854 668 2916 lumine
690 2874 752 2916 non
774 2872 828 2915 suo

175 2939 276 3001 orbem
300 2939 432 3001 circuitis
455 2939 597 3002 cornibus
624 2939 731 3018 alligat.

369 3046 386 3083 *
594 3045 611 3082 *

175 3117 254 3169 ostro
277 3109 320 3170 sic
341 3110 445 3170 niveus
467 3109 598 3188 puniceo
622 3109 705 3170 color

172 3195 311 3274 perfusus
333 3194 511 3268 rubuitsic
533 3194 660 3255 nitidum
682 3193 768 3255 iubar

172 3286 274 3359 pastor
295 3278 361 3340 luce
385 3297 459 3341 nova
480 3278 617 3340 roscidus
639 3278 754 3359 aspicit.

174 3371 293 3443 ereptus
315 3364 449 3425 thalamis
472 3362 606 3424 Phasidis
626 3363 750 3439 horridi,

173 3448 300 3510 effrenae
322 3449 427 3510 solitus
449 3454 568 3529 pectora
595 3448 731 3533 coniugis

195 3618 227 3668 73
246 3614 336 3667 avidae
354 3616 379 3667 ld
397 3618 519 3667 correxit
537 3615 569 3665 de
593 3612 775 3667 Wilamowitz
842 3615 873 3664 tt
893 3628 957 3681 quae
975 3614 1000 3665 A
1063 3616 1096 3666 ts
1113 3628 1184 3666 exer·

106 3686 167 3735 cent
183 3684 209 3733 A
262 3685 293 3736 81
312 3684 478 3750 Alpheusque
496 3683 521 3733 A
572 3685 605 3735 82
623 3687 684 3749 poet
702 3685 734 3735 83
752 3682 778 3732 A
835 3683 868 3734 90
886 3681 1037 3735 caelicolae:
1055 3681 1105 3734 icol
1122 3683 1182 3734 Im.

105 3755 127 3802 i.
145 3765 199 3802 ras.
216 3752 234 3803 5
252 3751 302 3802 litt.
319 3752 345 3802 Id
407 3755 440 3805 94
458 3750 614 3818 praeeminet
631 3750 657 3800 A
716 3752 748 3803 95
767 3749 892 3803 sideribus
909 3752 935 3802 A
986 3752 1018 3803 9¹1
1037 3750 1140 3802 solitum
1158 3751 1183 3801 A

104 3823 168 3886 poet
191 3821 224 3871 98
249 3820 319 3869 dane
342 3820 400 3881 sere
421 3822 580 3870 senteutiam
605 3817 786 3869 desideramus
811 3819 898 3881 [talem
919 3817 980 3871 dum
1001 3819 1100 3870 iuvenis
1123 3833 1183 3871 con·

106 3886 198 3954 spicit,
216 3901 247 3938 cn
271 3886 348 3938 rubor
362 3888 367 3955 Ι
381 3887 493 3954 pertudit
516 3886 602 3939 subito
625 3901 767 3954 purpureus
791 3890 879 3953 genas}
949 3890 982 3942 99
1004 3886 1145 3956 phoeniceo
1163 3888 1184 3950 ς

108 3956 159 4007 102
177 3952 302 4006 Phasidos
319 3955 427 4008 horridis
446 3956 470 4007 A
