2580 4366
107 217 167 280 108
380 231 417 273 BE
439 228 663 272 mnrnnsrottvu
684 227 900 271 comnostrlottn.

105 390 236 464 possent.
283 382 380 458 itaque
408 380 443 440 nd
472 378 574 440 leones
603 377 756 440 referenda
783 387 855 439 sunt
876 378 912 439 de
934 376 1044 457 quibus
1064 397 1090 437 r.
1112 381 1210 446 342

106 486 203 530 sermo
233 474 286 528 est.
335 482 391 524 nee
420 462 521 524 dubito
550 465 624 541 quin
653 472 682 524 et
709 462 842 525 ordinem
870 470 900 524 et
930 463 1105 525 sententiam
1150 467 1210 526 sic

107 551 285 614 restituenda
309 567 374 609 esse
395 548 461 609 iure
483 548 675 609 contendam:

310 651 411 694 venere
432 637 583 694 instinctus
604 636 720 712 eoepit
741 633 841 693 audem

310 736 392 796 prope
409 736 465 796 pro
488 730 545 778 toto
567 717 640 778 dello
662 721 813 788 iuvencum

309 806 336 862 si
357 806 487 881 eoot'upe'o
510 806 630 863 te‘moere
650 820 711 871 suo,

227 890 288 951 350
307 898 429 966 poscunt
449 887 547 948 tiou'de'
562 885 675 965 proelio
696 890 780 946 cerni.

312 982 378 1032 tune
399 976 526 1050 virpotos
547 971 632 1032 indie
653 975 740 1048 tipres

312 1055 421 1117 decolor
442 1056 552 1128 dorret3
574 1067 642 1118 tuuc
662 1055 811 1134 vulnificos

312 1144 388 1201 uertit
410 1142 503 1202 dentes
524 1159 594 1219 oper
615 1151 642 1202 et
663 1150 720 1201 toto
743 1150 783 1201 est

310 1242 442 1303 spumeus
463 1243 519 1286 ore.

312 1308 404 1369 Poeni
424 1314 557 1388 petatium
579 1307 651 1369 collo
672 1308 766 1370 leones

229 1397 289 1458 351
313 1403 339 1453 et
360 1398 473 1472 mupr'tu
495 1395 564 1455 dont
586 1397 712 1471 concepti

311 1482 395 1556 sr'poo
416 1480 538 1556 suroris,
560 1497 624 1539 οηη
645 1481 734 1539 movit
755 1496 853 1539 emor:

313 1575 380 1624 tune
401 1564 475 1624 silvo
495 1568 581 1640 potnit
601 1581 750 1623 murmure
771 1580 862 1623 sueno.

313 1657 391 1708 ornat
413 1652 511 1708 t'osorte'
532 1647 716 1726 helenoponti

312 1730 444 1813 lucaeque
466 1732 555 1794 doces.
585 1751 611 1791 e.
627 1750 657 1810 q.
674 1751 697 1792 s.
721 1765 762 1774 -

109 1816 214 1878 tertius
236 1815 386 1878 Phaedrae
408 1817 492 1876 locus
515 1825 559 1877 est
580 1836 607 1876 v.
632 1819 710 1878 1141
736 1834 797 1894 sq.:

313 1901 391 1962 volut
411 1901 552 1979 omiipois
574 1901 685 1962 mobilis
706 1899 760 1961 olis

313 1985 384 2047 horo
404 2004 456 2047 ηοο
477 1985 533 2046 utu·
549 1996 676 2064 praestat
697 1985 782 2046 veloce

314 2071 437 2148 fortune
457 2070 551 2149 (idem.
596 2074 646 2150 qui
666 2069 746 2130 eluro
766 2069 843 2129 videt

314 2155 408 2215 sidero
429 2155 534 2216 muudi
553 2155 731 2234 nitidumque
753 2154 826 2215 dieto

211 2241 291 2300 1145
313 2250 404 2299 morte
425 2239 532 2312 relicto,
559 2238 635 2317 lupet
655 2249 774 2300 moestos

315 2327 408 2389 tristis.
426 2324 534 2386 reditus
555 2328 669 2403 optoque
690 2327 780 2402 mopis

315 2407 409 2484 1161116
430 2408 541 2470 Averno
563 2409 635 2469 sedis
652 2411 768 2488 patriae

315 2492 390 2552 videt
411 2492 573 2572 hospitium.

112 2591 188 2651 quae
203 2573 272 2635 satis
287 2576 406 2655 quidem
421 2577 519 2638 limate
536 2578 698 2638 decurrens
713 2575 806 2636 oratio
822 2573 1027 2653 interpolatori
1041 2572 1169 2636 (16161ηοὶ

113 2658 192 2720 iurat
212 2666 309 2721 autem
332 2661 449 2722 Etrusci
472 2663 648 2741 scripturam
674 2660 825 2721 subicere:

417 2781 458 2792 —
479 2766 529 2808 ηοο
549 2747 605 2808 otti
620 2756 748 2825 praestat
769 2744 854 2806 uelem

315 2832 475 2908 fortune
497 2832 621 2910 sidem.
663 2829 722 2891 11ο
743 2835 806 2909 qui
826 2830 923 2891 olori

316 2916 409 2976 sidero
431 2917 535 2977 uerendi
553 2918 730 2996 nitidumque
751 2917 825 2976 diem

315 3012 408 3061 morte
428 3000 526 3062 relicto
538 3004 586 3075 10),
611 3000 686 3080 lopet
706 3010 826 3061 moestos

317 3089 406 3146 tristis
427 3087 545 3148 reditus.

112 3168 276 3230 sententiae
298 3178 398 3247 aperte
420 3171 511 3231 hianti
534 3169 726 3248 interpolator
748 3167 911 3240 succurrit;
941 3185 997 3228 neo
1021 3166 1093 3229 vidit
1113 3168 1175 3229 olim

114 3253 279 3316 necessario
309 3253 418 3316 dictum
440 3255 532 3316 tuisse
554 3255 667 3316 Thesea
689 3253 760 3313 solis
782 3263 902 3330 aspectu
925 3260 1102 3332 recuperato
1123 3253 1176 3315 ioe-

115 3344 204 3400 letum
226 3339 314 3399 modo
337 3358 418 3402 nunc
432 3339 545 3417 lugere.
583 3348 611 3399 et
626 3340 750 3399 fortasse
764 3343 948 3397 monometer
962 3344 1079 3397 tantum
1092 3336 1178 3399 inter·

114 3422 185 3482 cidit
215 3442 273 3501 quo
302 3425 440 3505 suppleto
469 3425 512 3484 sio
537 3425 599 3485 tere
622 3423 776 3502 pristinam
797 3439 937 3482 versuum
959 3421 1179 3502 dispositionem

114 3508 318 3568 restituemus:

202 3671 234 3736 ¹⁰)
252 3679 337 3723 morto
354 3675 387 3736 Ε,
404 3689 454 3725 non
473 3680 560 3726 nocto.
584 3674 615 3727 ct.
632 3690 658 3727 v.
679 3676 743 3725 teto
760 3678 872 3723 mortem
889 3672 1020 3725 relictum.
1054 3670 1101 3725 uo
1119 3676 1180 3727 11111

114 3740 211 3790 relicta
230 3745 324 3792 morte.
351 3741 390 3792 111.
409 3745 460 3794 611
477 3748 563 3792 morto
581 3748 730 3806 contempto
748 3741 815 3792 redi.
845 3738 966 3792 uorem
984 3742 1075 3792 οἰοίοἰί
1091 3756 1183 3792 mm

114 3811 209 3857 mortis
227 3807 286 3858 loca
303 3807 336 3870 n,
354 3813 440 3858 noctis
459 3811 491 3860 A.
526 3810 600 3876 Verg.
619 3824 675 3861 aen.
692 3809 734 3874 lx,
753 3811 803 3862 346
821 3814 847 3858 et
863 3808 948 3858 multo
966 3814 1052 3859 morto
1067 3811 1183 3874 recepit,-

115 3874 232 3927 Servius:
259 3873 393 3927 Cornutus
409 3883 487 3926 nocte
504 3877 571 3941 legit
588 3883 613 3928 ot
631 3877 785 3928 adnotavit.-
808 3881 900 3927 utrum
920 3882 998 3927 nocto
1014 3890 1066 3942 pro
1083 3879 1184 3927 meru?

116 3958 152 3993 on
171 3958 231 3995 oum
249 3943 334 3994 multo
352 3960 409 3994 ηοω
426 3947 508 3993 erret?
