2580 4366
573 117 731 162 ansanum.
1131 103 1190 165 185

207 270 345 351 quaedam
376 271 473 332 attulit
494 269 664 331 Priscianus
694 269 721 330 ll
749 289 778 349 p.
805 273 863 333 152
886 288 947 349 sq.;
982 268 1131 332 Charisius
1159 271 1191 333 in

106 346 199 416 libro
219 364 322 436 quarto
345 355 427 416 locos
449 355 509 416 huc
530 363 698 434 spectantes
713 354 791 416 inter
807 356 973 416 soloecismi
989 362 1031 436 (p.
1047 357 1120 431 268,
1138 358 1191 432 10)

109 443 146 496 et
171 441 283 521 ellipsis
305 444 348 521 (p.
372 442 446 515 271,
468 442 500 513 4)
523 438 656 519 exempla
678 439 766 500 dedit
807 439 919 502 Gellius
941 448 1099 520 postquam
1122 458 1189 520 per-

108 534 220 587 versae
241 525 347 606 Hygini
371 525 506 605 opinioni
529 525 565 585 de
579 524 713 586 versibus
732 525 907 605 quibusdam
923 525 1042 604 Vergilii
1059 525 1191 586 vitiosam
1259 525 1266 538 '

110 611 268 688 opposuit,
291 622 318 673 et
339 619 379 672 est
401 619 427 671 31
448 621 510 671 erut
531 621 556 671 et
574 610 638 688 'soit
656 609 824 691 plerumque
845 610 938 672 obesse
961 611 1032 671 dicit
1052 610 1193 672 cumele-

108 700 220 763 samio
238 699 299 757 siae
322 697 488 757 detrimento
511 699 663 757 sententiae
684 694 729 770 (V,
753 697 789 770 8,
812 695 855 769 7).
899 695 950 755 sed
981 713 1036 756 nec
1058 695 1191 756 doctrina

110 787 180 839 nec
201 799 288 842 sensu
310 787 442 842 veterum
468 780 724 858 grammaticorum
753 779 877 840 multum
907 780 1051 854 iuvamur,
1080 781 1192 859 quipp'e

110 861 173 934 qui
196 876 244 927 aut
265 865 360 926 solum
377 864 536 943 Vergilium
559 873 608 925 aut
631 865 757 926 asseclas
773 865 837 926 eius
852 865 1022 944 respiciant.
1059 863 1108 925 ille
1123 883 1192 926 vero

110 951 202 1018 quod
219 950 254 1011 ad
275 951 357 1011 bunc
379 968 466 1011 usum
490 951 594 1011 attinet
615 949 739 1010 similem
762 949 861 1010 locum
884 950 961 1012 inter
982 959 1083 1030 poetas
1106 949 1193 1011 babet

108 1035 210 1110 atque
238 1035 315 1096 inter
344 1035 505 1114 scriptores
534 1034 653 1095 Tacitus
666 1037 703 1110 ¹),
733 1034 879 1096 diversum
911 1054 945 1097 eo
975 1041 1088 1096 tantum
1112 1034 1192 1113 quod

108 1122 234 1182 slltrrrna
255 1120 334 1200 apud
357 1128 493 1198 posterus
515 1120 674 1181 auctoritas
695 1121 751 1181 bac
772 1138 892 1198 quoque
915 1120 945 1182 in
969 1119 1122 1181 revaluit.

212 1212 300 1283 atque
328 1204 500 1266 Lucretium
530 1205 648 1284 quidem
678 1204 885 1266 Lachmannus
914 1205 944 1265 in
974 1205 1194 1266 commentariis

106 1288 230 1351 nussim
253 1289 456 1370 pronuntiavit
472 1308 532 1351 non
549 1289 684 1350 omittere
699 1289 819 1350 verbum
838 1290 1051 1351 substantivum
1069 1290 1126 1350 nisi
1142 1288 1192 1350 ubi

105 1372 219 1436 meme
241 1393 276 1436 er
298 1374 503 1454 superioribus
525 1374 700 1454 suppleatur
721 1375 768 1446 (ad
791 1374 834 1448 ll,
860 1376 920 1437 194
943 1377 980 1435 ot.
1004 1375 1039 1436 ad
1061 1373 1090 1449 1,
1117 1376 1193 1447 111;

108 1445 223 1534 1070;
252 1458 294 1534 lt,
321 1462 396 1534 136;
426 1459 459 1531 V,
483 1461 544 1522 836
573 1459 624 1520 ubi
653 1459 791 1520 adiectiva
816 1460 912 1521 neutri
936 1460 1054 1538 generis
1075 1466 1195 1538 utpote

105 1544 208 1606 8141113
229 1548 338 1606 mirum
361 1544 425 1606 sine
449 1544 536 1605 verbo
563 1544 745 1605 substantivo
767 1545 839 1623 poni
862 1544 1013 1618 concedit;
1036 1543 1083 1619 vt,
1107 1544 1192 1616 746).

108 1628 173 1693 qui
194 1638 264 1709 post
284 1629 455 1691 Lucretium
477 1648 640 1691 venere-
656 1640 685 1689 31
707 1629 742 1689 de
765 1629 807 1690 eis
823 1636 934 1691 tantum
951 1629 1033 1708 loqui
1048 1628 1078 1688 in
1094 1629 1192 1689 animo

111 1715 167 1772 881
181 1749 222 1760 -
237 1732 304 1776 oum
328 1714 450 1774 omnino
474 1733 533 1774 non
556 1714 741 1775 abstinerent
762 1732 778 1774 a
800 1713 888 1774 verbo
908 1713 1089 1775 substantivo
1106 1713 1193 1773 omit-

112 1789 220 1874 tendo,
242 1799 274 1860 in
297 1798 356 1860 duo
380 1798 462 1878 quasi
486 1809 579 1862 castra
601 1799 640 1858 ita
663 1799 874 1872 discesserunt,
896 1807 930 1859 ut
951 1798 986 1859 ab
1006 1798 1094 1859 altera
1109 1806 1193 1877 parte

117 1867 268 1964 Vergilius
289 1892 396 1958 staret,
419 1883 454 1944 ab
477 1885 566 1946 altera
589 1883 728 1957 ovidius,
756 1882 839 1944 illum
861 1892 966 1962 poetae
988 1883 1062 1963 epici
1086 1900 1194 1960 seque·

123 1974 226 2032 rentur
240 1967 381 2031 Lucanus
395 1968 527 2030 Valerius
543 1969 652 2030 Statius
668 1968 768 2043 Silius,
790 1967 839 2028 hic
855 1976 883 2029 31
898 1967 1052 2028 Horatium
1069 1967 1194 2045 elegiae·

127 2063 178 2127 113
200 2061 305 2134 poetas
327 2052 459 2133 exempla
482 2054 603 2116 haberet
625 2061 653 2115 et
671 2061 807 2132 posteros
830 2062 948 2132 praeter
969 2052 1069 2133 epicos
1092 2071 1193 2114 secum

130 2132 252 2200 duceret.
288 2138 363 2217 ¹quid
378 2139 458 2217 quod
474 2138 551 2200 inter
566 2139 679 2200 diversa
695 2157 820 2218 poeseos
835 2156 943 2217 genera
958 2137 1016 2199 stili
1032 2137 1195 2200 differentia

132 2238 157 2283 co
180 2242 279 2303 usque
302 2223 431 2302 pertinet
453 2231 486 2284 ut
500 2223 646 2303 Vergilius
670 2233 698 2284 et
716 2223 826 2285 Statius
849 2223 878 2284 in
903 2223 993 2304 epicis
1016 2223 1197 2284 carminibus

129 2304 306 2388 frequenter,
330 2308 360 2368 in
384 2308 558 2382 minoribus,
582 2309 600 2368 i.
624 2328 651 2369 e.
675 2307 705 2368 in
728 2307 871 2369 bucolicis
892 2308 956 2383 1113,
983 2308 1031 2368 hic
1052 2308 1084 2370 in
1106 2308 1197 2383 silvis,

128 2393 242 2471 parcius
264 2392 385 2454 rerbum
408 2393 623 2456 substantivum
646 2392 791 2453 omittant.

208 2477 298 2539 certis
321 2486 419 2539 autem
441 2478 549 2539 finibus
572 2486 605 2538 ut
620 2478 695 2539 solet
708 2476 850 2556 loquendi
866 2496 938 2538 usus
954 2477 1197 2556 circumscriptus

126 2573 184 2637 est,
208 2562 287 2624 intra
309 2581 384 2641 quos
406 2563 460 2624 3113
483 2563 598 2624 13311113
620 2563 675 2624 3113
698 2562 813 2623 cautius
835 2580 889 2641 pro
913 2563 1059 2625 sermonis
1081 2562 1198 2641 legibus

125 2648 306 2729 propriaque
328 2648 544 2710 consuetudine
566 2655 670 2727 poetae
692 2647 859 2708 admittunt.
903 2656 991 2728 atque
1013 2647 1106 2708 multo
1129 2645 1196 2725 qul

124 2733 189 2795 dem
212 2731 328 2793 facilius
350 2733 375 2793 si
397 2734 432 2793 ad
455 2732 636 2794 substantiva
658 2732 798 2793 adiectiva
827 2732 960 2794 adverbia
983 2731 1197 2812 deponentium

122 2819 254 2898 perfecta
276 2817 417 2878 accedere
440 2817 525 2878 debet
547 2817 668 2878 verbum
690 2817 903 2878 substantivum
927 2818 1094 2896 neglegitur
1109 2833 1197 2895 quam

122 2902 206 2965 eiad
229 2903 358 2982 perlecta
381 2902 504 2980 passivi,
527 2903 557 2964 in
581 2902 703 2982 passivis
725 2919 843 2964 rursum
864 2904 1052 2981 frequentius
1073 2900 1197 2962 infiniti-

121 3005 190 3049 vum
215 3004 312 3067 quam
326 2987 452 3048 finitum.
488 2989 567 3062 item,
590 2987 650 3048 sive
672 2987 707 3048 ad
730 2988 830 3062 activa,
853 2987 1034 3049 utbreviter
1056 2987 1196 3059 dicamus,

122 3071 183 3133 sive
206 3072 244 3132 ad
265 3071 380 3151 passiva
403 3072 541 3151 pertinet,
564 3072 679 3134 facilius
701 3071 731 3132 in
755 3072 910 3135 sententiis
932 3072 1021 3133 rectis
1039 3072 1099 3132 sive
1113 3069 1197 3150 prin-

123 3156 271 3237 cipalibus
287 3155 431 3218 omittitur
453 3175 541 3236 quam
564 3158 593 3218 in
617 3156 830 3218 subordinatis:
855 3176 890 3218 ex
912 3155 1110 3217 subordinatis
1134 3172 1197 3215 om·

122 3241 207 3304 nium
236 3239 374 3304 facillime
402 3241 433 3301 in
466 3242 508 3303 eis
537 3260 613 3321 quae
642 3242 761 3304 relativo
790 3241 835 3303 vel
864 3241 1042 3320 pronomine
1073 3239 1116 3302 131
1146 3239 1198 3301 ad-

120 3326 224 3389 verbio
248 3326 443 3400 inducuntur,
467 3327 571 3389 durius
594 3327 645 3388 ubi
668 3325 928 3387 coniunctionibus
953 3334 1070 3404 tempus
1093 3324 1198 3386 condi·

121 3411 240 3473 cionem
257 3429 410 3473 causamve
425 3411 623 3474 indicantibus
638 3412 782 3474 sententia
804 3411 925 3490 regitur.
963 3409 1084 3472 omnino
1100 3416 1197 3472 autem

122 3495 262 3558 facillime
290 3497 322 3556 fit
351 3495 433 3557 verbi
462 3496 635 3558 substantivi
662 3497 795 3557 delectus
817 3496 847 3556 in
870 3495 1025 3557 sententiis
1047 3515 1122 3576 quae
1144 3512 1199 3575 per

121 3581 388 3659 interrogationem
405 3581 464 3642 sive
480 3580 719 3643 exclamationem
735 3582 907 3642 efferuntur.
933 3581 1031 3659 itaque
1046 3580 1082 3641 de
1094 3578 1198 3658 singu-

119 3665 220 3728 lorum
245 3676 400 3745 poetarum
423 3685 480 3727 usu
502 3666 542 3727 ita
563 3668 727 3729 referemus
749 3674 782 3727 ut
798 3665 921 3728 activum
938 3684 953 3726 a
969 3665 1084 3746 passivo
1099 3681 1198 3726 secer·

213 3853 233 3917 ¹)
252 3849 284 3902 de
302 3848 422 3901 Cicerone
440 3850 472 3903 ci.
490 3849 601 3916 Madvig.
620 3849 651 3901 de
669 3849 712 3902 tin.
733 3864 759 3914 p.
777 3851 818 3902 90.
