2580 4366
147 194 209 258 356
624 212 744 256 ocravra

458 361 702 425 Paanrntrvs

146 467 229 527 Iussa
250 463 328 525 haud
352 462 505 524 morabor:
530 472 624 526 castra
647 464 803 526 confestim
825 473 935 545 petam.
1024 488 1027 495 ·

148 569 210 612 suu.
260 549 340 610 Nihil
362 549 393 609 in
416 549 603 629 propinquos
625 557 734 611 temere
758 550 898 612 constitui
923 552 1027 614 dccet.
1202 566 1239 617 tto

147 653 214 697 una.
258 635 373 695 lustum
395 652 461 695 csse
482 633 568 695 tacite
591 642 636 696 cst
658 635 706 697 cui
728 643 809 696 vacat
831 644 936 714 pectus
958 649 1063 702 metu.

149 739 211 782 suu.
261 719 401 799 Magnum
423 718 537 781 timoris
559 718 722 782 remedium
746 719 900 782 clementia
923 730 982 783 est.

147 822 215 866 una.
258 804 441 883 Extinguere
462 804 577 865 hostem
599 805 724 866 maxima
746 813 791 866 est
810 805 904 867 virtus
928 807 1032 870 ducis.

149 909 212 951 suu.
260 889 384 952 Servare
406 889 483 950 cives
505 890 666 951 maior'est
688 889 799 969 patriae
821 889 907 970 patri.

148 993 215 1036 una.
259 973 435 1054 Praecipere
456 973 556 1035 mitem
580 974 718 1037 convenit
738 974 841 1056 pueris
862 993 975 1037 senem.
1201 990 1239 1041 tu

149 1079 212 1122 sun.
261 1058 401 1140 Regenda
423 1059 516 1138 magis
539 1066 583 1120 est
604 1059 713 1120 fervida
735 1059 942 1121 adolescentia.

149 1162 216 1206 una.
261 1145 363 1206 Aetate
384 1143 416 1205 in
439 1145 494 1205 hac
516 1155 559 1206 sat
582 1162 647 1206 esse
671 1145 789 1207 consilii
812 1162 889 1206 reor.

150 1249 213 1292 suu.
262 1229 298 1290 Vt
319 1230 394 1290 sacta
416 1229 518 1308 superi
541 1229 739 1310 comprobent
759 1248 878 1310 semper
900 1240 960 1293 tua.

150 1331 217 1375 una.
262 1314 357 1376 Stulte
378 1313 512 1389 verebor,
536 1314 600 1394 ipse
623 1332 690 1376 cum
713 1315 827 1392 faciam,
850 1315 929 1376 deos.

151 1417 213 1460 suu.
263 1398 327 1461 Hoc
349 1398 417 1478 plus
438 1416 540 1460 verere
563 1400 642 1477 quod
665 1398 735 1461 licet
756 1408 870 1461 tantum
893 1399 956 1460 tibi.

150 1502 218 1546 uun.
262 1484 395 1546 Fortuna
417 1491 519 1546 nostra
541 1491 649 1546 cuncta
670 1484 815 1564 permittit
836 1484 918 1546 mihi.

152 1588 214 1630 snu.
266 1569 358 1631 Crede
381 1568 558 1648 obsequenti
580 1570 715 1649 parcius:
738 1569 810 1632 lovis
832 1577 877 1632 cst
899 1570 961 1631 dea.

151 1670 218 1716 una.
263 1653 370 1716 Inertis
392 1661 437 1715 est
458 1655 574 1716 nescire
596 1655 667 1733 qnid
689 1654 775 1716 liceat
796 1654 863 1717 sibi.

152 1759 215 1802 suu.
265 1739 298 1800 ld
321 1740 418 1800 iacere
440 1738 503 1800 laus
526 1746 571 1800 est
594 1740 674 1820 quod
696 1740 789 1814 docet,
812 1758 873 1801 non
897 1738 1084 1817 quodlicet.

152 1845 219 1887 una.
265 1824 361 1886 Calcat
383 1823 526 1885 iacentem
548 1823 663 1904 vulgus.
707 1844 769 1886 suu.
813 1825 943 1886 invisum
967 1822 1132 1904 opprimit.
1196 1835 1237 1886 455

152 1929 220 1972 una.
263 1910 388 1970 Ferrum
410 1916 512 1976 tuctur
533 1908 711 1989 principem.
756 1928 818 1971 suu.
862 1909 967 1970 Melius
988 1909 1078 1970 fides.
1197 1919 1236 1972 ut

153 2014 220 2057 una.
264 1994 397 2056 Metuant
426 2011 547 2056 neccsse
576 2001 691 2056 est-
748 2000 825 2056 'snm
876 1993 1027 2072 Quidquid
1059 1995 1236 2076 exprimitur

766 2098 854 2159 grave
876 2085 928 2139 est.
1196 2090 1237 2142 tte

154 2183 220 2226 una,
264 2163 417 2242 Iussisque
440 2163 551 2225 nostris
572 2168 705 2245 parcant.
750 2183 812 2226 snu.
856 2163 934 2225 Iusta
957 2163 1085 2242 impera.

152 2268 219 2311 una.
264 2248 396 2311 Statuam
419 2248 493 2327 ipse.
538 2268 601 2311 suu.
645 2249 727 2319 Quae
749 2266 913 2311 consensus
936 2247 1046 2311 efficiat
1075 2257 1152 2312 rata.
1197 2259 1237 2312 too

153 2353 220 2396 una.
263 2332 462 2412 ibespectns
485 2333 565 2395 ensis
587 2333 682 2396 faciet.
727 2351 789 2395 suu.
833 2332 897 2395 Hoc
918 2332 995 2393 absit
1016 2333 1116 2396 netas.

153 2439 221 2481 una.
267 2421 311 2480 An
335 2417 431 2498 patiar
453 2417 530 2480 ultra
553 2419 728 2499 sanguinem
752 2426 886 2481 nostrum
909 2417 980 2499 peti,

154 2504 268 2567 inultus
290 2511 319 2564 et
341 2510 530 2582 contemptus
552 2511 585 2564 ut
607 2503 705 2566 subito
728 2500 899 2584 opprimar?

155 2588 238 2652 exilia
261 2606 323 2650 nou
344 2587 460 2665 fregere
483 2597 647 2651 summotos
668 2589 772 2668 procul

154 2673 291 2736 Plautum
314 2680 402 2751 atque
424 2671 545 2749 Sullam,
568 2674 703 2753 pertinax
726 2691 854 2754 quorum
876 2673 960 2732 furor

155 2767 247 2821 armat
268 2757 420 2819 ministros
443 2757 563 2819 sceleris
585 2758 616 2818 in
640 2757 759 2820 caedem
782 2774 886 2834 meam,

154 2845 321 2908 absentium
344 2860 411 2904 cum
433 2851 550 2905 maneat
572 2843 658 2905 etiam
680 2842 786 2921 ingens
808 2845 888 2904 iavor

155 2932 187 2993 in
210 2929 284 2990 urbe
307 2934 418 3003 nostra,
441 2928 492 3008 qui
513 2928 592 2988 fovet
614 2946 682 3008 spes
705 2929 833 2990 exulum.

155 3015 299 3078 tollantur
320 3014 420 3073 hostes
443 3031 514 3074 ense
536 3013 667 3092 suspecti
689 3012 771 3087 mihi,

156 3099 250 3162 invisa
273 3097 404 3160 coniunx
425 3105 526 3177 pereat
548 3104 577 3158 ct
600 3113 699 3159 carum
722 3097 777 3158 sibi

155 3185 275 3247 fratrem
298 3192 449 3261 sequatur.
494 3181 637 3261 quidquid
660 3182 808 3245 excelsum
831 3187 876 3243 est
897 3177 990 3241 cadat.

157 3419 214 3457 nnn.
251 3402 329 3454 Decet
347 3400 430 3452 timeri
448 3400 587 3452 Gaesarem.
624 3372 677 3450 sau.
712 3399 746 3448 At
763 3397 823 3465 plns
841 3396 919 3464 diligi.
1201 3411 1240 3452 457

158 3523 361 3534 ,-...-----

243 3608 290 3659 441
310 3605 378 3656 iusto
400 3601 462 3668 Two
515 3605 563 3655 447
583 3600 645 3653 satis
663 3600 739 3652 codd.
759 3603 880 3652 corrasit
896 3598 1043 3679 Muellerus
1062 3600 1097 3652 do
1116 3619 1148 3654 re
1164 3607 1239 3658 mota

157 3689 185 3740 ¹²·
205 3674 255 3727 1⁵³
298 3674 373 3768 ³⁴⁹
391 3685 412 3723 ⁸‘
430 3685 456 3722 ³¹·
547 3668 644 3786 Ψ
661 3670 886 3790 ittotai*
904 3666 1050 3789 hibin
1070 3671 1242 3792 attacta*

158 3739 650 3874 ppgpgcctpsscpwpplprrp'etppstpectum
668 3805 782 3857 utensis
800 3804 892 3856 feriat?
910 3803 942 3854 da
961 3752 1151 3859 Witanfmottz
1191 3777 1240 3862 462⁸

159 3873 226 3928 uitro
246 3879 269 3925 Φ
338 3877 388 3928 463
405 3874 515 3927 invictus
534 3872 608 3925 codd.
627 3875 748 3924 corruerit
764 3871 963 3937 Ropbolongiua
1034 3876 1085 3928 467
1107 3876 1241 3930 absentum

160 3943 215 3995 ΣΟ.
234 3971 266 3982 -
285 3943 315 3993 al·
334 3942 403 3994 furor
422 3941 443 4006 Q
460 3945 479 3994 i.
496 3956 548 4007 mg.
611 3943 659 3993 471
680 3943 778 4008 patrem
796 3941 822 3990 Ι)
