2580 4366
520 224 677 268 auruncus.
1077 207 1137 270 193

76 391 146 454 quae
169 373 266 436 omnia
294 372 439 435 lenissimi
470 374 587 453 generis
616 382 687 434 sunt
714 380 743 434 et
769 373 832 435 eius
855 373 974 452 quidem
997 373 1139 454 pleraque

74 459 102 520 in
134 477 186 538 quo
214 458 337 520 omnino
367 458 493 520 dubitari
524 457 619 537 possit
641 458 718 519 sitne
739 458 863 520 verbum
885 458 1136 534 subaudiendum;

10 576 13 611 :
72 544 150 624 quod
173 562 243 605 sane
272 543 507 604 subaudiendum
537 561 616 618 esse,
646 543 732 604 etiam
760 542 810 604 ubi
839 561 856 603 a
882 543 1020 605 credendi
1042 544 1139 606 verbis

10 626 13 639 '
71 623 176 691 nomen
203 628 313 708 pendet
341 629 450 708 (senem
480 639 607 690 muctare
634 629 738 700 credis3
757 631 884 689 'inimice
910 624 998 690 credit
1020 641 1137 703 cuncta;

69 713 159 775 modu
175 713 225 775 irre
245 713 373 794 equidem
394 714 481 784 reori,
504 721 533 773 et
549 711 621 773 Oed.
639 714 701 775 769
724 720 754 773 et
771 712 895 774 aliorum
911 723 1064 793 poetarum
1079 713 1138 775 loci

69 798 174 859 docent
199 797 250 877 qui
279 796 358 858 illius
386 796 504 876 generis
528 797 648 857 nomina
669 796 758 858 simul
780 815 846 858 oum
870 797 1022 860 infinitivis
1044 799 1138 860 eidem

70 881 159 943 serbo
172 882 297 944 obnoxia
310 883 460 956 referunt;
476 881 578 960 quales
592 901 622 962 p.
641 883 700 946 189
716 882 961 944 enumeravimus.
994 894 1024 945 at
1039 882 1140 944 nullus

10 1030 12 1037 ,
72 967 101 1027 in
127 966 177 1028 iilis
191 967 300 1046 estqui
315 973 433 1028 tueatur
447 967 545 1028 locum
561 986 576 1027 a
593 984 652 1045 quo
673 965 790 1027 initium
814 967 945 1047 cepimus
968 967 1042 1029 Oed.
1060 971 1138 1031 171:

269 1071 337 1148 quin
363 1066 500 1129 Tameorii
519 1067 635 1130 vinculo
655 1068 732 1146 ferri

269 1154 380 1232 rupisse
402 1170 499 1213 cenem
520 1153 603 1231 somn
624 1163 651 1214 et
672 1157 778 1214 nostris

271 1255 368 1300 errore
389 1237 466 1308 locis,
493 1242 615 1317 mupisse
635 1236 738 1309 solnm,

271 1340 363 1400 cepo
384 1340 440 1402 per
461 1321 538 1383 lucos
559 1322 714 1383 simulacra
735 1327 833 1385 uirum

270 1411 489 1478 maturandis,
512 1406 553 1468 dis
577 1406 730 1469 Cadmeum

270 1495 334 1552 nive
356 1492 480 1552 discusso
502 1495 648 1553 tremuisse
669 1510 777 1561 nemus,

272 1575 313 1636 bis
334 1575 479 1637 turbatum
500 1581 638 1655 sanquine
659 1575 774 1637 Dircen.

96 1667 138 1729 ubi
155 1681 181 1733 ut
199 1674 314 1736 serenda
337 1675 376 1736 sit
396 1675 470 1736 haec
484 1677 647 1737 sententiae
662 1675 860 1737 constructio:
883 1677 965 1756 sorno
981 1669 1051 1758 [est]
1067 1694 1140 1754 cupa

97 1757 392 1829 percussionum
414 1754 518 1845 [esse]‚
540 1767 598 1822 tam
623 1761 712 1839 longe
733 1759 906 1822 adiectivum
928 1770 1073 1821 remotum
1097 1768 1142 1822 est

101 1841 203 1904 asorbo
229 1864 288 1925 quo
315 1845 444 1923 regitur,
474 1854 507 1904 ut
535 1864 595 1907 non
625 1846 696 1907 dura
724 1852 838 1906 tantum
867 1845 919 1906 sed
948 1843 1140 1905 intolerabilis

11 1955 15 1963 ·
102 1924 171 2014 oratio
182 1929 239 2004 flat;
262 1937 295 1991 ut
309 1929 346 1991 de
362 1929 499 1990 dictionis
517 1929 692 2009 inelegantis
708 1932 793 2009 (cepo
807 1933 877 2006 esse)
892 1937 1012 1990 taceam.
1044 1928 1140 1990 omnis

102 2002 225 2075 tituenus
252 2014 366 2076 tollitur
394 2013 419 2075 si
442 2012 528 2075 colon
552 2016 630 2095 quod
657 2023 701 2075 est
724 2019 847 2093 mupisse
870 2015 963 2076 saltem
985 2014 1050 2074 loco
1077 2031 1140 2073 mo·

104 2105 152 2154 tem
175 2097 201 2159 in
228 2117 286 2178 quo
315 2099 461 2161 sermonis
490 2098 712 2160 continuitatem
739 2101 851 2174 turbat3
881 2108 914 2160 ut
940 2098 1012 2159 liaeo
1042 2097 1142 2160 evadat

103 2182 230 2244 sententia:
353 2244 360 2257 ,

273 2273 341 2349 quin
366 2267 502 2330 Taenarii
523 2267 640 2330 uinculo
662 2270 740 2347 ferri

272 2357 382 2434 rupisse
403 2371 501 2414 conam
522 2353 604 2432 [cmo
627 2362 653 2414 et
678 2357 784 2416 nostris

273 2456 370 2499 errore
392 2439 459 2500 locis
479 2457 553 2517 copo
571 2456 625 2518 per
646 2438 724 2501 lurcos

273 2522 426 2585 simulacre
448 2526 546 2584 virum
566 2527 680 2584 maiora
702 2527 783 2594 viris,

275 2606 316 2669 dis
339 2606 494 2669 Codmmm
516 2611 581 2669 nive
603 2609 727 2669 discusso

274 2697 420 2754 tremuisse
442 2711 551 2768 nemus,
574 2692 616 2753 bis
638 2692 783 2768 terimam
892 2694 894 2697 ’

273 2781 411 2856 sanquine
432 2778 553 2850 esron,-

274 2866 395 2942 mupisse
416 2862 518 2932 solum,
540 2871 621 2923 noete
641 2859 739 2921 silenti

274 2945 457 3028 Amphionios
476 2946 601 3007 ululasse
622 2964 714 3007 onnes.

27 3060 31 3067 ·
94 3031 122 3083 ¹¹¹
141 3052 191 3106 uon
213 3045 356 3108 Cerberus
378 3048 429 3109 sed
450 3046 580 3108 virorum
610 3045 766 3108 simulacra
788 3062 844 3124 per
865 3041 1033 3104 Thebarum
1055 3040 1142 3102 silvas

24 3170 28 3177 -
93 3119 174 3192 'aditi
194 3129 334 3193 dicantur.
374 3132 453 3211 quod
483 3132 526 3193 sio
552 3142 633 3192 recte
662 3130 830 3191 institutum
854 3146 918 3190 esse
941 3126 1035 3189 Ovidii
1057 3124 1142 3186 locus

91 3186 167 3270 docet
178 3233 261 3294 quem
276 3226 393 3296 praeter
408 3227 521 3279 ceteros
536 3216 585 3277 hic
600 3217 713 3278 Seneca
728 3213 883 3294 expressit,
902 3220 971 3273 met.
986 3209 1046 3286 XV,
1063 3211 1141 3273 796:
1200 3218 1204 3225 “

275 3323 358 3400 inque
378 3319 445 3397 soro
468 3322 626 3397 uirorumque
648 3318 744 3379 domos
766 3327 792 3377 et
814 3313 918 3393 templo
940 3313 1057 3374 deornm

274 3414 428 3465 nocturnos
448 3403 573 3464 ululasse
594 3421 677 3463 eones
698 3401 869 3479 temerasque
890 3397 1023 3458 silentum

163 3510 166 3518 ·
275 3491 415 3550 mouisse
435 3489 536 3567 serum
555 3498 715 3567 motamque
737 3482 907 3546 tremoribus
928 3481 1037 3544 urbem.

88 3553 184 3663 ita(itte,
203 3590 227 3651 si
243 3588 317 3650 nihil
332 3588 421 3664 atiud,
438 3608 453 3649 e
471 3596 529 3649 tam
543 3588 664 3649 molesta
679 3585 827 3665 taediique
842 3585 929 3663 plena
945 3583 1143 3663 disputatione

88 3658 306 3735 emsudationum
329 3674 431 3736 saltem
455 3683 563 3734 certam
585 3671 690 3734 lucrati
713 3669 800 3731 nobis
821 3670 963 3730 videmur.

533 3929 641 3936 --—-.-
648 3927 684 3934 --

89 4031 94 4039 ·
138 4017 209 4075 mou·
220 4034 316 4076 sonem
329 4033 454 4092 cumcun.
