2580 4366
112 192 172 254 170
492 207 521 248 c.
542 206 648 249 ιιιιιιιιι
670 205 797 249 senecae

106 377 221 436 saxum,
243 358 308 420 seni
329 357 472 438 perennis
494 357 594 418 Aeolio
617 356 737 432 labore
776 360 778 364 “

109 463 157 507 me
177 445 259 507 ludat
280 443 375 505 amnis
398 460 449 504 ora
471 442 564 505 vicina
587 442 716 518 alluens3

108 529 207 592 vultur
228 528 330 590 relicto
353 526 512 590 transvolet
533 526 618 607 Tityo
639 528 720 590 ierus

108 632 270 710 meumque
289 631 403 709 poenae
425 631 543 692 semper
563 621 712 675 accrescat
734 613 869 689 iecur;

109 707 139 761 et
159 708 192 759 tu
213 698 271 759 mei
294 697 448 777 requiesce
469 697 600 759 Perithoi
622 681 719 777 pat'er.

108 785 181 846 baec
203 782 331 846 incitatis
354 782 483 844 membra
505 781 677 845 turbinibus
698 783 772 846 ierat

109 886 269 947 numquam
293 868 434 930 resistens
457 867 528 930 orbe
550 866 683 929 revoluto
705 875 779 930 rota.

1 978 2 982 ¹
107 951 942 1032 mmmmmfflmm''

109 1039 218 1119 recipe,
240 1038 312 1099 baec
334 1037 370 1099 ad
391 1037 511 1113 umbras
533 1036 639 1099 iustior
660 1035 745 1099 nobis
767 1037 810 1099 via
834 1044 891 1098 est:

109 1131 208 1186 natum
232 1141 341 1203 sequor
356 1133 405 1168 '-
427 1141 465 1184 ne
488 1121 659 1202 metue'qui
681 1140 782 1184 manes
805 1123 899 1202 regis:
982 1115 985 1122 ’

93 1207 180 1269 ‘casti
201 1207 351 1283 venimus3
374 1207 473 1288 recipe
488 1218 542 1269 ¹rne
563 1214 682 1269 aeterna
705 1206 791 1268 domo

108 1311 170 1355 non
193 1293 349 1354 exiturum.
408 1310 469 1354 non
491 1299 609 1354 movent
631 1292 712 1354 divos
733 1309 853 1372 preces;
922 1293 924 1297 '

106 1387 139 1440 at
160 1379 185 1439 si
207 1395 342 1456 rogarem
365 1377 485 1450 scelera,
509 1395 597 1457 quam
620 1376 708 1455 proni
730 1377 837 1438 lorent.

107 1481 192 1524 cnon.
236 1462 364 1538 Theseu,
387 1461 516 1542 querelis
538 1471 655 1541 tempus
677 1471 830 1523 aeternum
853 1468 965 1522 manet:

108 1566 191 1611 nunc
212 1547 288 1608 iusta
310 1556 379 1609 nato
402 1546 498 1609 solve
504 1553 532 1606 et
554 1546 706 1608 absconde
724 1545 814 1608 ocius
919 1624 921 1629 Ι
1007 1621 1010 1629 Δ

108 1632 239 1713 dispersa
263 1633 346 1695 roodc
369 1630 498 1694 membra
520 1630 631 1693 laniatu
654 1631 762 1692 effero·
913 1640 917 1649 ’

106 1736 186 1781 nnus.
231 1717 305 1792 Huc,
328 1707 388 1779 buc
409 1711 548 1796 reliquias
570 1716 666 1778 vehite
688 1717 747 1777 cari
772 1714 906 1795 corporis

108 1802 286 1883 pondusque
308 1810 337 1863 et
358 1810 440 1864 artus
462 1812 572 1863 temere
594 1808 751 1879 congestos
773 1800 847 1861 date.

109 1887 286 1968 Hippolytus
309 1887 356 1948 hic
379 1883 444 1958 est?
466 1887 579 1947 crimen
601 1904 730 1966 agnosco
754 1903 866 1946 meum:

109 1990 164 2050 ego
184 1980 215 2038 tc
237 1972 366 2053 peremi;
390 1990 449 2051 neu
472 1989 585 2032 nocens
607 1980 720 2032 tanturn
735 1969 840 2042 ‚semel

108 2056 224 2118 solusve
247 2059 355 2132 fierem,
377 2057 493 2118 lacinus
515 2073 642 2116 ausurus
664 2073 773 2135 parens
905 2109 908 2113 ,

107 2150 221 2223 patrem
243 2143 387 2204 advocavi.
432 2159 556 2203 munere
579 2158 616 2202 en
639 2140 740 2219 patrio
758 2139 850 2202 iruor.
910 2200 912 2205 .

105 2245 125 2287 o
147 2226 231 2288 triste
253 2227 351 2289 fractis
373 2226 482 2288 orbitas
504 2225 590 2286 annis
612 2225 737 2286 maluml

106 2311 303 2391 complectere
324 2321 415 2387 artus,
438 2309 577 2391 quodque
600 2309 636 2372 de
659 2319 727 2378 nato
750 2317 917 2388 estsuper,

106 2396 281 2471 miserande,
304 2408 415 2457 maesto
437 2403 559 2492 pectore
580 2395 756 2456 incumbens
778 2394 852 2465 love.

105 2498 191 2542 cnon.
236 2479 361 2542 Disiecta
384 2481 500 2560 genitor
521 2479 653 2543 membra
672 2477 763 2541 laceri
785 2476 920 2558 corporis

107 2564 138 2625 in
161 2565 294 2626 ordinem
316 2566 441 2645 dispone
464 2572 493 2625 et
515 2573 647 2627 errantes
669 2563 752 2625 loco

107 2649 229 2711 restitue
251 2659 365 2731 partes:
389 2651 473 2711 fortis
495 2650 543 2710 bic
564 2649 683 2719 dextrae
699 2640 799 2723 locus,

106 2733 155 2796 bic
176 2734 255 2795 laeva
276 2735 368 2796 frenis
391 2735 476 2796 docta
498 2733 685 2799 moderandis
706 2749 838 2795 manus

106 2819 261 2906 ponenda:
285 2820 356 2881 laevi
379 2819 478 2881 lateris
500 2836 629 2897 agnosco
656 2826 749 2879 notas.
809 2872 812 2883 ,

107 2921 195 2984 quam
218 2922 322 2985 magna
346 2905 473 2966 lacrimis
496 2921 565 2984 pars
587 2903 683 2965 adbuc
705 2900 817 2963 nostris
837 2898 934 2963 abestl

107 3007 188 3054 runs
232 2989 340 3052 Durate
362 2989 493 3087 trepidae
515 2988 635 3068 lugubri
657 2987 756 3057 officio
778 3003 893 3061 manus,

106 3073 253 3154 tletusque
275 3074 373 3153 largos
395 3075 499 3147 sistite,
521 3081 639 3136 arentes
661 3090 764 3152 genae,
868 3136 890 3144 A,

107 3158 178 3219 dum
200 3158 331 3220 membra
355 3167 423 3220 nato
446 3157 563 3238 genitor
584 3157 758 3227 adnumerat
779 3173 833 3217 suo

107 3258 277 3324 corpusque
299 3243 393 3323 fingit.
437 3245 495 3305 hoc
517 3243 588 3323 quid
610 3249 655 3304 est
677 3242 769 3303 torma
793 3257 896 3302 carens

105 3336 137 3390 et
156 3338 254 3409 turpe,
276 3329 368 3391 multo
391 3329 512 3390 vulnere
534 3328 691 3408 abruptum
714 3321 869 3404 undique?

106 3431 182 3493 quoe
204 3432 272 3494 pars
294 3413 337 3474 tui
359 3412 399 3476 sit
419 3413 536 3488 dubito;
558 3414 610 3474 sed
632 3431 701 3493 pars
724 3419 768 3472 est
789 3410 846 3471 tui:

191 3665 253 3716 troi
273 3663 341 3716 senis
358 3679 383 3731 p.
394 3663 475 3714 Aeolii
491 3664 516 3714 A
569 3664 635 3717 1232
652 3663 758 3714 abluens
776 3661 801 3711 A
854 3663 919 3714 1234
937 3664 1066 3713 accrescet
1084 3675 1119 3710 ιω
1137 3674 1181 3713 ac·

105 3734 279 3785 cresscttm.
298 3732 323 3783 Ε
395 3734 457 3783 123'1
477 3731 645 3797 nusquamll
697 3729 1048 3796 llt9lecinusagn.-m.A
1116 3731 1179 3782 libi

108 3798 194 3851 llerem
212 3799 237 3849 l)
290 3802 355 3854 1256
374 3813 449 3853 orror.
468 3815 519 3854 om.
536 3800 569 3854 A.
586 3826 621 3837 —
638 3799 751 3865 corporis
770 3814 804 3848 ee
816 3798 891 3864 ¹oorp'
911 3799 939 3859 (i.
957 3812 979 3850 e.
997 3799 1101 3862 corpus)
1117 3800 1179 3849 tm.

107 3865 132 3917 E
201 3868 266 3920 1258
284 3866 381 3918 humeri
403 3867 475 3920 locus
492 3868 517 3918 A
595 3868 658 3919 1259
677 3867 718 3919 bic
741 3865 829 3919 dextra
847 3867 872 3917 A
948 3866 1011 3917 1262
1030 3879 1102 3917 ress.
1127 3879 1181 3919 orn.

98 3934 184 3988 codd.
203 3934 299 3986 addidi
369 3937 432 3988 1265
452 3934 553 4002 quidem
577 3939 618 3986 est
633 3935 659 3987 A
730 3936 794 3988 1266
813 3935 943 3986 ambesum
962 3933 987 3984 A
