2602 4380
106 128 148 188 20
483 142 521 183 ue
543 141 645 184 conica
666 140 802 185 nrnrsco.

107 292 150 353 bie
170 310 238 353 soso
259 290 357 353 ooloat
378 293 472 353 sidero
493 291 619 367 turbine)
642 309 703 351 non
725 290 811 352 tertia
832 308 938 351 manus
960 301 1006 352 cst
1023 309 1101 371 quae
1114 309 1177 353 cor·

106 376 218 438 rexisse
239 376 371 455 priorem
392 376 570 456 scripturam
590 374 647 451 (bis
666 395 736 455 ptos
756 394 825 437 seno
844 386 948 437 vocant
967 395 992 437 e.
1006 380 1044 454 t.)
1066 375 1176 451 elicitur,

106 461 159 524 sed
180 479 301 535 recens;
324 480 381 524 nec
402 461 539 542 correxit,
560 460 614 521 sed
635 479 671 521 ex
692 459 863 521 coniectura
876 460 935 521 boc
948 459 1118 524 substituit:
1139 460 1177 523 lie

106 564 161 626 pao
189 565 257 607 seeo
283 557 382 609 rotant
407 548 502 608 aidau
531 545 654 607 turbine.
698 544 771 607 adde
792 544 869 606 blod.
889 546 953 607 255
981 546 1129 625 afflictum
1153 554 1178 607 et

106 669 208 742 provi:
227 648 355 743 ‘afflicti
382 674 548 725 correctum
578 682 614 725 ex
641 655 770 743 astla'ctet’
802 662 955 742 Peiperus.
998 682 1084 725 error
1111 682 1176 745 pro·

110 748 192 809 clivis
215 758 285 809 erat.
329 749 381 810 sed
403 767 464 809 non
486 750 611 828 afflictet
631 749 790 827 scripserat
810 747 966 822 librarius,
988 748 1042 811 scd
1062 750 1176 829 afflicte,

107 852 144 893 ex
165 852 180 893 e
200 833 311 894 fecerat
330 854 367 910 a,
391 833 498 894 deinde
520 833 658 895 lineolam
679 842 740 893 tam
762 832 876 893 infabre
896 832 1025 905 addidit,
1047 843 1082 895 ut
1100 852 1176 895 eum·

107 936 183 978 mam
206 917 333 978 litteram
354 927 505 996 tangeret;
529 919 608 997 quod
630 935 698 978 cum
720 936 782 979 non
804 917 875 978 satis
891 917 1005 980 clarum
1024 918 1175 993 videretur,

106 1005 124 1060 i
106 1020 236 1080 usupra
259 1020 377 1064 versum
399 1003 526 1082 repetiit
571 1011 660 1081 atque
682 1003 755 1064 haec
775 1021 832 1081 pro
854 1001 954 1065 multis
976 1003 1044 1065 eius
1065 1002 1175 1083 pencris

6 1071 9 1078 ¹
109 1087 251 1166 exemplis
273 1088 430 1150 sufficiant

150 1171 220 1233 Tro.
243 1174 304 1236 603
327 1178 428 1245 invito,
455 1171 550 1245 (Iliae,
572 1174 711 1251 paediam
731 1171 844 1233 Daunia
864 1171 936 1233 dabo

104 1250 208 1318 ‘Ulcae
229 1275 312 1318 erasa
333 1248 383 1319 sl'
407 1257 561 1336 Peiperus
606 1256 680 1318 nihil
701 1274 817 1318 erasum
839 1266 895 1317 ost

150 1358 263 1420 Phoen.
290 1360 348 1421 123
374 1358 492 1421 obscuro
513 1368 628 1419 nostroe
648 1359 734 1420 verbo
755 1359 893 1437 fortunae
913 1358 1026 1439 locetur.

108 1443 152 1503 sic
173 1444 240 1517 ΑΣ;
255 1444 330 1503 idem
348 1443 452 1503 dicunt
462 1435 539 1501 Ἔ2”
532 1462 561 1502 m
579 1436 688 1503 rasura’
705 1444 773 1519 legi,
789 1442 868 1521 quod
884 1461 940 1503 nec
954 1443 1087 1505 omniax
1099 1450 1172 1539 parte

106 1545 208 1588 verum
231 1537 276 1589 est
297 1537 326 1587 et
347 1527 416 1606 plus
438 1526 638 1604 dignoscitur3
661 1528 805 1606 scriptum
827 1527 907 1588 enim
927 1536 972 1589 est
986 1528 1074 1589 verbo
1087 1529 1171 1607 prima

108 1631 197 1673 manu
213 1620 242 1673 et
257 1613 287 1672 in
303 1630 404 1672 rasura
420 1611 539 1689 quidem
551 1614 635 1672 4-5
650 1610 824 1685 litterarum,
839 1630 965 1691 quarum
977 1614 1074 1692 prima
1083 1613 1171 1692 serat

108 1697 240 1793 opineris
263 1697 353 1773 igitur
374 1697 492 1774 egregie
513 1696 680 1757 confirmari
703 1696 834 1758 Richteri
854 1696 958 1758 malam
981 1698 1171 1759 coniecturam

108 1800 166 1860 qua
181 1782 300 1862 scripsit
320 1782 395 1860 foto.
432 1788 461 1841 at
475 1781 573 1841 acrius
589 1781 692 1842 oculos
706 1781 871 1843 intendenti
885 1790 1009 1861 apparet
1026 1782 1171 1863 scripsisse

107 1866 259 1928 librarium
285 1867 438 1945 sequentis
462 1865 596 1926 vocabuli
622 1863 785 1948 (fortunae)
809 1866 925 1947 priores
954 1867 1083 1945 litteras,
1111 1866 1169 1929 tleiu

108 1968 240 2012 errorem
262 1951 369 2011 vidisse
392 1958 421 2011 et
443 1951 616 2011 correxisse.

192 2054 218 2096 v.
238 2037 336 2098 435
322 2054 435 2116 eamque
456 2045 623 2096 correctum
646 2055 710 2097 esse
722 2029 754 2100 ‘3
777 2054 817 2096 m.
840 2055 875 2096 ex
896 2026 1056 2119 oomiapm’
1075 1976 1170 2097 falsum

109 2128 169 2193 est;
199 2129 366 2181 correctura
390 2121 467 2180 enim
490 2121 565 2181 lacta
588 2128 633 2181 est
654 2122 747 2199 prima
768 2139 869 2196 manu,
895 2129 1063 2183 correctum
1083 2130 1170 2183 autem

108 2208 139 2264 a'o
154 2222 190 2264 ex
204 2223 242 2265 a:
264 2223 371 2283 nempe
387 2206 552 2284 scripturus
566 2224 688 2286 comptu
699 2223 829 2267 errorem
844 2205 909 2283 ipse
923 2206 1062 2269 correxit.
1086 2204 1171 2267 simile

109 2289 215 2350 accidit
236 2308 263 2349 v.
287 2291 365 2364 507;
387 2289 581 2352 transcribam
605 2290 734 2352 locastae
756 2290 843 2350 verba
869 2292 931 2352 505
953 2308 1017 2369 sepe

412 2393 472 2436 aon
494 2387 520 2436 te
542 2376 627 2436 ducit
648 2380 680 2436 a'a
702 2375 840 2438 thalamos
857 2393 967 2454 paretes

220 2462 397 2520 comitato
415 2465 526 2539 priamo
547 2479 597 2521 aec
617 2479 671 2522 aeto
692 2463 780 2540 festas
803 2478 892 2521 morta

173 2506 234 2605 507
262 2547 379 2605 ornavit
399 2545 481 2606 aedes
501 2564 552 2606 aec
572 2563 654 2606 soora
676 2546 764 2608 loetm
783 2546 862 2624 facea

260 2631 597 2699 cleronomialem
617 2649 675 2692 aon
697 2649 769 2692 auro
790 2649 892 2709 proves

261 2712 356 2791 poleos
376 2733 462 2784 socer,
483 2733 542 2776 aton
548 2708 636 2775 arva
658 2734 717 2777 aon
738 2714 822 2776 orbes
843 2716 934 2777 dedit:

263 2798 356 2859 dotale
378 2798 482 2860 bellum
504 2809 553 2860 est.

194 2883 256 2944 506
277 2883 406 2961 sestoE.
443 2887 503 2946 507
527 2900 576 2943 aec
597 2901 651 2942 sato
673 2883 799 2958 codices,
821 2883 902 2961 quod
923 2883 1089 2945 correxisse
1107 2876 1168 2942 milti

107 2965 218 3027 videor.
262 2967 368 3027 deinde
390 2967 479 3029 laetas
499 2968 576 3045 foces
598 2985 660 3026 non
680 2960 781 3029 ‘Eli
798 2964 865 3028 ras?
870 2967 952 3044 ,sed
975 2967 1072 3048 prima
1091 2981 1168 3027 mauu

109 3052 139 3113 in
169 3069 270 3113 rasura
301 3061 467 3113 correctum
491 3070 526 3112 ex
547 3053 635 3130 festos
656 3071 778 3114 mam.-
805 3070 865 3131 quo
887 3059 1005 3114 constat
1026 3052 1098 3114 base
1117 3066 1167 3112 nou

108 3138 248 3198 tentanda
271 3156 345 3198 esse.
382 3140 444 3200 509
466 3155 556 3215 pozos
578 3138 700 3198 Aarmu
713 3137 747 3196 Ε.
778 3138 816 3198 ci.
838 3137 911 3198 Eur.
926 3136 1041 3199 Phoen.
1056 3138 1116 3201 336
1130 3150 1167 3213 ett-

151 3222 336 3286 euastata
359 3224 430 3283 daos
453 3241 513 3282 non
538 3240 573 3281 ex
593 3225 678 3282 aa'oos
695 3229 860 3283 correctum
879 3232 925 3283 cst
937 3221 990 3283 sed
1005 3240 1044 3283 ex
1057 3227 1134 3284 tw.

193 3326 219 3366 v.
243 3310 304 3370 846
326 3306 460 3369 Elaiatis:
489 3311 522 3367 ia
544 3325 604 3367 non
628 3308 675 3375 2,
697 3306 748 3367 sed
775 3311 802 3368 1.
823 3325 863 3367 m.
887 3308 917 3367 iu
940 3324 1061 3380 rasuru;
1088 3304 1167 3383 scrip

109 3398 188 3448 serat
208 3390 327 3453 Eleusis.

193 3492 221 3532 v.
243 3476 324 3537 1064
346 3481 487 3538 continet:
509 3495 570 3537 non
591 3467 616 3536 ‘t
637 3476 655 3536 i.
676 3493 765 3536 rasa
787 3466 889 3547 2m.';
911 3492 1017 3537 rasura
1031 3474 1168 3543 nutum

110 3556 161 3616 sed
191 3557 358 3620 membrana
387 3562 501 3639 pridem
531 3561 607 3622 laesa
637 3572 708 3621 erat.
752 3560 850 3622 omnia
871 3560 967 3639 prima
987 3578 1096 3637 manu,
1123 3554 1169 3619 uin'

110 3642 189 3717 quod
212 3654 224 3703 t
246 3643 376 3704 secunda
396 3664 486 3708 manu
509 3656 681 3707 renovatum
703 3644 827 3709 videtur.

152 3760 206 3839 Ag.
222 3759 281 3822 817
306 3759 419 3822 obvios:
437 3755 548 3825 ‘obolos
570 3772 603 3825 ut
624 3762 740 3825 videtur
759 3755 815 3825 13³.
843 3762 941 3826 oboios
956 3770 1121 3826 correctum
1134 3764 1171 3825 eal

113 3844 140 3904 l.
161 3862 201 3905 m.
223 3863 260 3906 ex
280 3843 389 3909 obvius.
