2580 4366
601 557 707 632 VIII.

210 875 373 938 iteratione
389 893 466 954 quae
479 877 559 939 inter
571 878 700 939 Senecae
716 877 880 956 tragoedias
896 879 1084 958 tragicosque
1099 880 1189 941 Grae-

150 974 225 1022 corum
243 968 344 1042 poetae
366 960 528 1023 intercedat
548 961 753 1059 disputaturus
776 972 844 1024 nota
868 963 1010 1043 quaedam
1032 964 1190 1061 praefanda

89 1076 95 1217 p
149 1042 221 1106 rideo:
236 1045 380 1125 siquidem
396 1046 432 1108 de
448 1046 628 1124 quaestionis
644 1047 842 1109 fundamentis
858 1057 993 1110 constare
1007 1057 1074 1111 ante
1090 1050 1188 1110 omnia

148 1139 244 1207 oportet
278 1130 441 1193 cavendum
463 1140 561 1194 autem
576 1142 693 1212 praeter
707 1141 804 1194 cetera
819 1132 987 1196 videturne
1002 1135 1069 1214 quis
1086 1135 1187 1196 eodem

89 1212 240 1281 tiuilire
266 1215 393 1277 consilio
420 1216 563 1279 Senecam
592 1217 725 1296 poeticae
753 1236 873 1299 operam
902 1218 1017 1281 dedisse
1049 1219 1189 1299 opinetur

89 1299 335 1396 quoPacuvius
357 1300 403 1362 rel
416 1300 537 1363 Plautus
559 1302 736 1382 exemplaria
758 1320 862 1382 graeca
885 1314 1104 1384 expresserunt.
1139 1303 1188 1364 ille

89 1454 91 1465 Ι
144 1383 199 1446 edm
226 1404 281 1447 nec
307 1393 429 1448 secutus
457 1395 502 1448 est
523 1387 651 1449 Graecos
679 1396 795 1467 praeter
822 1398 994 1467 argumenta
1025 1398 1054 1450 et
1083 1389 1187 1467 utique

89 1534 91 1547 Ι
143 1484 185 1530 ιιι
208 1470 346 1550 tragicam
374 1489 487 1533 musam
517 1472 698 1533 carminibus
727 1473 789 1533 suis
817 1473 967 1553 adspirare
1001 1474 1102 1549 iussit,
1135 1474 1188 1535 sed

89 1558 93 1575 '
141 1552 327 1617 ulobsticam.

89 1654 96 1681 r
202 1640 342 1720 quiante
363 1640 555 1703 novissimum
577 1640 687 1703 liberae
702 1641 745 1702 rei
760 1641 897 1721 publicae
912 1641 1061 1703 saeculum
1078 1641 1187 1703 Romae

89 1732 93 1805 ζ
139 1725 278 1802 tragoedias
302 1725 499 1804 scripserunt,
521 1725 653 1788 versibus
676 1744 743 1787 vere
765 1726 863 1787 latinis
886 1744 1055 1804 graecarum
1075 1726 1187 1788 tabula-

89 1822 93 1837 *
140 1823 186 1869 ιιιι
204 1828 263 1872 nou
285 1819 460 1888 argumenta
481 1819 594 1872 tautum
617 1811 668 1873 sed
691 1829 788 1872 mores
805 1828 923 1890 quoque
939 1819 968 1871 et
983 1811 1103 1872 allectus
1119 1810 1187 1871 red-

140 1888 261 1957 diderunt
304 1895 335 1957 id
363 1913 399 1956 eo
428 1895 521 1974 magis
548 1894 727 1958 laudandum
758 1905 802 1956 est
830 1914 889 1974 quo
918 1895 1049 1975 apertius
1072 1895 1186 1956 Ennius

140 1976 216 2041 saltem
243 1988 273 2040 et
292 1980 436 2042 Accius
430 1999 461 2041 ιι
488 1981 676 2059 praetextatis
706 1981 923 2043 demonstrasse
953 1980 1089 2042 videntur
1114 1980 1184 2059 quid

139 2057 229 2126 italicae
250 2082 352 2126 musae
373 2073 521 2145 praestare
544 2073 676 2146 possent.
714 2066 766 2145 qui
788 2066 877 2162 quod·
885 2065 978 2127 artius
993 2065 1079 2126 etiam
1095 2063 1185 2127 Grae-

140 2160 218 2210 ttrum
238 2149 383 2228 exemplis
402 2169 436 2211 ee
457 2151 678 2213 adstrinxerunt
699 2169 786 2230 quarn
802 2151 907 2211 comici
923 2159 1037 2230 poetae,
1061 2151 1124 2212 eius
1142 2150 1185 2211 rei

89 2272 91 2277 -
140 2245 202 2295 uota
223 2234 253 2296 in
275 2234 443 2312 tragoediae
465 2244 567 2297 natura
590 2236 644 2298 sita
663 2243 717 2296 est.
755 2254 821 2297 uam
844 2236 873 2296 in
890 2236 999 2331 privata
1014 2235 1070 2296 vita
1086 2235 1186 2297 iocose

89 2338 92 2357 ι
139 2311 251 2381 ἰιίιιιᾱι
273 2319 444 2381 inveniendi
466 2320 596 2381 officium
619 2330 723 2399 poetae
744 2321 874 2400 primum
897 2329 926 2380 et
944 2320 995 2382 uui
1011 2331 1115 2400 poetae
1130 2321 1185 2381 im-

89 2402 241 2495 pulum
269 2412 348 2478 erat;
379 2404 430 2483 qui
458 2414 492 2466 ut
519 2424 594 2467 nova
624 2422 742 2485 semper
768 2413 797 2466 et
818 2405 947 2467 inaudita
969 2406 1116 2466 inveniret
1137 2422 1185 2465 res

89 2498 96 2559 t
138 2480 182 2561 itta
206 2507 266 2551 uon
288 2487 469 2569 patiebatur:
500 2507 608 2568 genera
635 2490 777 2570 quaedam
801 2498 1043 2567 argumentorum
1066 2498 1093 2550 et
1116 2508 1184 2569 per-

89 2583 254 2635 ·ttuarum
274 2573 445 2651 extiterunt,
467 2575 544 2636 intra
561 2593 635 2654 quae
649 2593 748 2636 mores
763 2575 881 2635 eosdem
898 2584 927 2637 et
941 2573 1062 2634 allectus
1077 2574 1185 2636 leuiter

138 2656 224 2719 tulare
249 2668 280 2721 et
308 2658 392 2721 noris
420 2659 569 2721 coloribus
600 2659 760 2740 depingere
782 2677 895 2720 summa
918 2677 966 2719 ars
989 2667 1058 2719 erat.
1103 2659 1185 2755 atqui

140 2733 314 2805 bumanorum
342 2743 447 2805 comici
476 2755 544 2805 cum
571 2744 601 2805 iu
624 2744 764 2807 iuvenum
786 2743 953 2818 amoribus,
983 2752 1100 2822 patrum
1122 2743 1185 2817 iris

138 2817 199 2889 btb's
216 2829 391 2906 mouruque
412 2829 615 2927 augustiarum
637 2828 790 2891 arentibus
804 2847 868 2891 rem
883 2829 1060 2925 plerumque
1074 2828 1184 2890 versari

138 2904 260 3016 duent,
283 2913 352 2975 eina
378 2930 488 2991 magno
517 2914 636 2993 negotio
660 2922 689 2975 et
710 2915 859 2976 interdum
880 2914 981 2975 forsan
1004 2915 1048 2975 rei
1071 2913 1183 2975 emolu

138 3004 214 3059 uam
233 2991 413 3061 5'ardeutes
405 3017 526 3060 iuvenes
548 3007 723 3100 raptasque
727 3000 758 3060 in
782 3016 882 3060 amore
896 2997 1010 3079 puellas
1025 2999 1185 3076 elusosque

138 3090 201 3144 tues
224 3083 378 3163 agilesque
407 3102 461 3163 per
489 3084 587 3145 omnia
615 3075 723 3146 servos'
749 3102 785 3145 ex
811 3102 869 3145 una
890 3082 1018 3145 tabula
1010 3101 1042 3142 nr
1064 3081 1185 3143 alteram

137 3167 307 3241 illustratore,
338 3184 460 3229 scaenas
487 3168 602 3231 scaenis
630 3180 781 3231 mutavere
808 3168 883 3230 vel
875 3187 906 3229 ιιι
929 3165 1074 3229 tenuioris
1096 3182 1183 3244 argu·

135 3250 204 3315 uati
222 3252 474 3333 complementum
495 3253 683 3316 arcessirere
719 3253 800 3350 quod
822 3271 890 3315 cum
910 3250 1014 3313 Graeci
1037 3267 1184 3346 nusquam

89 3341 331 3417 fletuumquam
360 3337 547 3400 teceriat-
569 3339 663 3401 utitur
689 3340 768 3400 enirn
798 3336 971 3399 Aristoteles
999 3334 1050 3395 illo
1078 3344 1111 3396 ut
1140 3335 1185 3395 rei

130 3417 201 3496 plue
220 3420 365 3485 absurdae
388 3424 522 3504 exemplo
545 3432 624 3504 poet.
651 3426 760 3498 otest
783 3425 876 3486 30-
882 3418 1032 3498 ‚tragicis
1052 3439 1089 3482 ue
1105 3422 1183 3516 apud

126 3498 260 3571 Romanos
289 3507 409 3587 quidem
433 3526 608 3570 concessum
637 3516 708 3570 erat
754 3525 881 3586 namque
910 3522 985 3585 quos
1014 3504 1056 3566 illi
1082 3505 1184 3567 sectati

122 3602 182 3654 tuat
201 3591 371 3673 tragoediae
393 3609 514 3671 graecae
536 3593 688 3690 principes
710 3593 835 3655 heroum
857 3607 1022 3670 regumque
1043 3591 1115 3652 actis
1132 3591 1183 3650 de-

118 3692 195 3740 orum
219 3677 313 3740 latim
339 3685 416 3738 nutu
443 3678 619 3759 perpetratis
648 3679 707 3740 sire
734 3677 886 3739 exantlatis
908 3684 1003 3737 certas
1024 3675 1133 3735 formas
1156 3682 1185 3734 et

111 3762 266 3827 duraturas
288 3760 462 3835 induerunt,
484 3771 517 3825 ut
539 3772 567 3825 et
590 3771 762 3842 argumenta
780 3772 809 3822 et
823 3779 969 3842 personae
983 3759 1014 3820 in
1030 3768 1184 3839 posterum

106 3856 297 3915 constarent:
323 3865 356 3908 ea
378 3846 414 3908 de
436 3866 468 3908 re
490 3856 637 3911 certamen
661 3858 724 3909 erat
745 3848 823 3909 iuter
845 3845 1022 3925 Sophoclem
1046 3852 1075 3905 et
1095 3842 1184 3904 Euri·

933 3943 983 4000 lb*
