2580 4366
138 213 199 274 140
517 229 549 274 1,.
572 229 676 272 onnam
698 230 825 271 senecae

137 391 282 458 uteroque
304 380 419 459 prolem
441 399 547 460 capere
569 381 722 440 confusam
744 377 858 458 impio?

136 484 228 545 perge
251 475 279 525 et
302 465 437 526 nefandis
459 474 539 526 verte
562 474 696 526 naturam
718 463 838 543 ignibus
861 497 901 507 -

136 568 191 611 cur
212 558 344 611 monstra
366 548 507 611 cessant?
529 550 595 611 aula
617 568 673 610 cur
693 548 792 609 fratris
814 545 916 609 racat‘l

136 634 270 715 prodigia
291 635 401 695 totiens
424 634 505 695 orbis
526 635 642 695 insueta
665 633 772 708 audiet,

136 729 241 782 natura
263 720 372 780 totiens
395 718 510 797 legibus
532 720 616 780 cedet
637 719 709 793 suis,

137 805 275 884 quotiens
297 804 405 865 amabit
428 801 553 865 Cressa?
595 823 642 864 ru.
686 803 768 874 Quae
790 820 935 863 memoras
957 801 1018 862 scio

136 907 203 951 vera
227 908 301 964 esse,
324 889 441 961 nutrix3
464 889 515 950 sed
537 889 623 950 furor
643 890 722 966 cogit
744 889 829 966 sequi

136 976 247 1055 peiora.
291 974 370 1035 vadit
390 973 507 1034 animus
529 975 561 1035 in
583 992 726 1054 praeceps
748 973 846 1034 sciens

136 1066 305 1138 remeatque
327 1060 436 1120 frustra
458 1077 528 1120 sana
550 1059 674 1119 consilia
696 1068 850 1138 appetens.

136 1145 180 1205 sic
202 1162 270 1205 cum
293 1152 438 1221 gravatam
461 1144 556 1204 navita
577 1145 697 1204 adversa
719 1151 810 1203 ratem

136 1228 278 1309 propellit
299 1228 388 1303 unda,
412 1228 490 1290 cedit
512 1229 543 1289 in
565 1247 672 1289 vanum
696 1227 778 1288 labor

138 1322 167 1375 et
188 1315 261 1374 victa
285 1331 381 1394 prono
403 1314 514 1393 puppis
535 1314 669 1375 aufertur
690 1314 772 1374 vado.

137 1397 209 1478 quid
230 1399 305 1459 ratio
327 1395 445 1478 possit?
466 1399 536 1459 vicit
556 1417 591 1459 ac
612 1407 717 1476 regnat
738 1399 822 1457 furor
912 1455 914 1460 .

136 1493 302 1564 potensque
325 1493 385 1544 tota
407 1491 507 1543 mente
529 1483 698 1543 dominatur
722 1482 805 1543 deus.

136 1569 187 1630 bic
207 1569 327 1629 volucer
349 1567 430 1628 omui
452 1568 544 1647 pollet
566 1569 597 1629 in
620 1576 697 1644 terra
719 1568 868 1646 impotens

137 1652 309 1732 laesumque
331 1652 456 1714 flammis
475 1661 570 1714 torret
591 1652 743 1713 indomitis
765 1652 877 1725 lovem3

139 1738 281 1801 Gradivus
302 1737 373 1798 istas
395 1736 518 1815 belliger
539 1738 632 1798 sensit
654 1737 742 1810 faces,

138 1823 235 1902 opifex
259 1822 372 1883 trisulci
396 1822 526 1882 fulminis
549 1822 641 1883 sensit
664 1822 746 1895 dous,

138 1918 167 1968 et
190 1909 240 1987 qui
262 1908 395 1968 furentes
417 1925 534 1986 semper
556 1906 692 1969 Aetnaeis
714 1907 792 1985 iugis

138 2000 234 2054 versat
256 1992 387 2053 caminos
409 1993 478 2071 igne
501 2001 559 2052 tam
581 2010 670 2072 parvo
694 1991 783 2066 calet;

138 2079 297 2157 ipsumque
318 2075 482 2151 Phoebum,
505 2076 561 2137 tela
583 2077 747 2155 quiuervo
769 2075 855 2154 regit,

137 2163 201 2240 tigit
223 2162 325 2239 sagitta
348 2160 457 2221 certior
478 2162 567 2223 missa
588 2179 665 2240 puer

138 2247 296 2325 volitatque
319 2246 399 2307 caelo
422 2246 533 2325 pariter
554 2256 584 2306 et
605 2247 692 2308 terris
715 2245 819 2325 gravis,

136 2349 221 2392 uvrn.
265 2332 358 2392 Deum
382 2349 447 2392 esse
468 2348 599 2392 amorem
621 2330 718 2411 turpis
740 2338 769 2392 et
791 2331 860 2391 vitio
883 2330 986 2390 furens

137 2416 222 2476 finxit
242 2415 344 2490 libido,
368 2434 488 2495 quoque
510 2415 632 2477 liberior
654 2418 730 2476 foret

138 2500 256 2561 titulum
280 2500 373 2561 furori
397 2501 528 2561 numinis
550 2500 617 2562 falsi
639 2501 758 2562 addidit.

139 2592 239 2646 naturn
263 2604 317 2664 per
340 2603 443 2645 omnes
465 2586 578 2646 scilicet
600 2595 693 2647 terras
715 2604 820 2669 vagum
902 2621 905 2624 <

138 2669 264 2750 Erycina
287 2670 385 2743 mittit,
408 2670 457 2730 ille
479 2689 534 2750 per
555 2671 668 2733 caelum
689 2670 792 2732 volans

138 2763 274 2834 proterva
295 2764 396 2815 tenera
419 2754 475 2816 tela
498 2755 618 2815 molitur
640 2774 729 2818 mauu

139 2858 325 2921 regnumque
347 2847 461 2902 tantum
485 2840 627 2901 minimus
649 2860 665 2902 e
688 2841 806 2920 superis
827 2840 929 2901 babet:

138 2944 211 2986 vana
233 2926 288 2986 ista
311 2925 433 2985 demens
454 2926 571 2986 animus
592 2926 693 2987 ascivit
714 2925 769 2986 sibi

138 3009 319 3090 Venerisque
342 3028 453 3071 numen
476 3009 562 3071 fiuxit
583 3018 672 3089 atque
697 3029 783 3072 arcus
806 3009 861 3069 dei.

139 3095 275 3175 quisquis
298 3094 437 3156 secundis
459 3094 548 3156 rebus
570 3097 679 3157 exultat
701 3096 788 3156 nimis

138 3180 263 3259 fluitque
285 3166 367 3252 luxu,
390 3197 508 3258 semper
530 3180 648 3241 insolita
670 3179 792 3261 appetit.

138 3275 211 3327 tuuc
233 3266 281 3327 illa
304 3283 427 3344 maguae
450 3265 512 3325 (lira
533 3265 671 3326 fortunae
693 3282 793 3326 comes

139 3350 218 3412 subit
240 3350 345 3411 libido:
371 3367 432 3410 non
454 3350 572 3429 placent
593 3359 694 3411 suetae
716 3350 815 3430 dapes,

140 3453 200 3496 non
224 3445 299 3498 tecta
321 3435 384 3495 sani
407 3433 498 3494 moris
521 3443 571 3495 aut
593 3435 655 3495 vilis
677 3435 815 3516 scyphus.

140 3555 342 3565 --———

226 3623 275 3672 114
298 3618 377 3686 patris
400 3616 425 3669 u
513 3621 560 3672 184
577 3617 646 3687 quod
670 3620 735 3671 ratio
758 3617 842 3686 poscit
863 3616 944 3668 vincit
961 3615 987 3665 A
1072 3616 1120 3668 188
1145 3614 1212 3666 omni

137 3692 229 3754 regnat
245 3688 278 3738 A.
296 3715 331 3726 -
349 3692 442 3753 potens
460 3687 537 3738 codd.
555 3691 676 3739 correxit
693 3687 726 3740 Ν.
745 3688 868 3738 Heinsius
893 3684 953 3736 ado.
970 3700 997 3749 p.
1015 3682 1050 3734 62
1110 3685 1156 3736 181
1175 3683 1213 3750 ip-

138 3770 245 3822 sumque
263 3755 408 3807 flammisA
478 3758 526 3807 189
545 3755 653 3808 trisulci:
672 3771 685 3808 s
703 3754 802 3808 ecflll
872 3754 920 3804 190
939 3749 1088 3804 furentislf
1166 3753 1212 3804 191

138 3827 257 3888 terroe&
335 3825 383 3876 195
408 3823 475 3889 turpi
499 3826 583 3891 (turpe
606 3823 766 3887 Scriverius)
790 3821 894 3876 servitio
918 3820 1008 3872 fovens
1026 3820 1051 3870 A
1120 3820 1167 3872 201
1188 3819 1212 3870 in

137 3890 251 4011 superiaB
255 3891 280 3943 A
348 3894 397 3944 205
416 3895 540 3958 appetens
557 3892 583 3942 A
645 3891 709 3958 1108
728 3892 787 3945 vilis
805 3889 876 3942 cibus
894 3889 920 3939 A
937 3888 1005 3941 ullus
1023 3887 1095 3940 cibus
1113 3887 1138 3938 ll
1156 3902 1214 3938 cor·

138 3963 211 4011 rexit
252 3962 340 4011 othim
