2580 4366
106 193 145 255 16
495 210 523 251 ι.
538 208 643 251 aarum
657 208 785 253 sarneia

104 369 202 442 partes
217 378 299 421 meae
314 368 385 420 sunt
399 359 521 421 reddere
535 360 654 422 Aloidae
669 370 782 441 patrem

105 464 260 527 genusque
274 463 385 506 rerum.
441 453 508 524 post
522 453 566 507 tot
581 445 710 524 ingentis
724 446 778 508 riri

104 530 293 593 memoranda
307 529 383 590 fa'cta
398 537 524 609 postque
539 538 675 610 pacatum
691 549 780 592 manu

102 616 312 696 quodcumque
328 614 414 676 Titan
430 622 513 675 ortus
528 624 557 676 et
571 615 674 677 fahens
689 615 777 691 videt,

104 710 172 782 post
186 708 319 761 monstra
334 707 377 761 tot
392 699 565 779 perdomita,
582 708 651 780 post
664 700 819 781 Phlegram
835 701 927 781 impio

105 804 235 866 sparsam
253 803 359 846 cruore
374 792 500 864 postque
516 786 652 847 defensos
668 786 740 847 deos

105 871 239 933 nondum
254 870 348 948 liquet
363 870 399 930 de
415 867 521 948 patre‘f
550 871 712 934 mentimur
726 871 839 933 forem:

104 956 228 1020 lunonis
243 955 310 1015 odio
326 955 423 1016 erede.
473 974 536 1016 nro.
566 955 643 1027 Quid
657 955 748 1019 riolas
762 953 882 1019 forem?

102 1041 228 1103 mortale
243 1039 322 1102 caelo
340 1058 400 1102 non
416 1048 513 1119 potest
530 1041 612 1120 iungi
631 1059 736 1121 genus.

105 1146 191 1189 auru.
222 1126 394 1187 Communis
408 1125 464 1186 ista
478 1125 615 1204 plurihus
631 1145 718 1188 causa
734 1136 778 1188 est
789 1127 859 1189 deis.

105 1230 168 1274 nro.
198 1210 351 1272 Famuline
368 1211 484 1271 fueraut
498 1220 566 1272 ante
583 1229 671 1291 quam
686 1213 792 1274 fierent
809 1209 879 1275 dei?

106 1316 191 1359 nuru.
221 1296 325 1357 Pastor
339 1295 486 1357 Pheraeos
502 1295 603 1358 Delius
618 1296 704 1375 parit·
712 1315 817 1377 greges
831 1332 874 1343 -

105 1402 168 1445 nro.
199 1381 257 1443 Sed
273 1399 333 1441 uon
349 1398 404 1460 per
419 1399 522 1442 omnes
538 1381 604 1443 exul
621 1382 726 1443 errarit
741 1383 851 1462 plagas.

106 1486 191 1529 nura.
222 1465 316 1537 Quem
331 1465 457 1545 profuga
471 1478 549 1527 terra
564 1475 658 1528 mater
672 1475 790 1529 errante
805 1467 904 1529 edidit.

106 1571 168 1614 nro.
199 1551 276 1612 Num
291 1560 423 1612 monstra
438 1569 520 1613 saera
535 1550 673 1613 Phoebus
688 1560 738 1613 aut
753 1551 851 1613 timuit
861 1548 960 1614 feras?

106 1656 192 1698 nuru.
222 1635 340 1697 Primus
356 1636 474 1714 sagittas
489 1636 595 1698 imbuit
608 1636 720 1697 Phoebi
736 1637 834 1699 draeo.

105 1742 169 1784 nro.
200 1721 294 1793 Quam
310 1721 405 1800 grauia
421 1739 528 1800 parvus
543 1722 644 1784 tulerit
657 1721 777 1800 ignoras
792 1720 889 1784 mala?

107 1827 192 1869 aura.
223 1806 247 1866 E
262 1807 365 1868 matris
379 1813 464 1866 utero
479 1806 604 1868 fulmine
619 1807 730 1868 eiectus
747 1826 823 1888 puer

107 1912 176 1953 mox
191 1892 357 1953 fulminanti
373 1890 525 1970 proximus
540 1893 615 1971 patri
631 1892 720 1954 stetit.

108 1975 201 2056 quid?
230 1977 281 2056 qui
297 1976 442 2054 gubernat
456 1984 541 2051 astra,
559 1977 609 2056 qui
627 1977 722 2039 nuhes
738 1977 840 2058 quatit,

108 2081 170 2124 non
186 2061 270 2123 latuit
284 2061 382 2122 infans
397 2061 481 2140 rupis
497 2061 598 2123 idaeae
612 2060 729 2141 speon?
786 2105 787 2108 ,

107 2147 231 2208 sollicita
247 2146 319 2208 tanti
335 2146 428 2225 pretia
445 2147 553 2208 natales
567 2147 676 2208 habent

107 2251 284 2311 semperque
298 2248 405 2310 magno
421 2233 552 2293 constitit
567 2233 648 2294 nasci
664 2234 760 2294 deum.

107 2336 169 2378 nro.
200 2316 424 2395 Quemcumque
437 2318 578 2379 miserum
593 2317 710 2394 videris,
725 2318 875 2379 hominem
891 2319 975 2380 seias.

108 2421 194 2462 auru.
221 2401 445 2480 Quemcumque
459 2403 565 2464 fortem
579 2403 696 2478 videris,
712 2403 852 2464 miserum
869 2422 968 2483 neges.

108 2507 169 2548 nm.
199 2487 317 2549 Fortem
332 2505 470 2549 vocemus
486 2488 572 2550 euius
587 2507 622 2549 ex
637 2488 746 2549 umeris
765 2487 822 2564 leo,

109 2574 219 2634 donum
234 2571 349 2650 puellae
364 2572 467 2649 faetus,
486 2582 516 2634 et
531 2573 608 2634 alara
623 2573 730 2635 excidit

108 2656 250 2736 fulsitque
265 2657 377 2735 piorum
392 2666 472 2718 veste
488 2657 609 2719 Sidonia
624 2655 724 2719 latus?

108 2745 214 2803 fortem
229 2760 367 2803 vocemus
383 2741 469 2803 ouius
483 2743 638 2804 horrentes
653 2761 753 2804 oomae

108 2827 246 2889 maduere
262 2827 364 2904 nardo,
381 2826 467 2888 laude
482 2828 532 2906 qui
549 2838 633 2889 notas
648 2846 753 2890 manus

108 2913 143 2975 ad
159 2931 219 2974 non
236 2912 347 2973 uirilem
363 2913 493 2992 tympani
510 2914 599 2974 movit
613 2932 730 2989 sonum,

109 2999 194 3060 mitra
209 3000 338 3058 ferocem
353 2997 474 3059 barbara
490 2999 617 3059 frontem
633 2995 794 3078 premens?

107 3103 193 3145 aura.
223 3083 289 3144 lion
305 3082 453 3145 erubescit
466 3082 600 3145 Bacchus
614 3084 723 3145 effusos
739 3093 823 3145 tener

107 3167 251 3249 sparsisse
267 3168 364 3229 crines
379 3187 435 3230 neo
448 3186 539 3230 manu
554 3168 635 3229 molli
649 3169 742 3230 levem

107 3255 221 3315 rihrare
236 3254 381 3333 thyrsum,
398 3271 465 3314 oum
481 3272 585 3333 parum
600 3254 670 3315 forti
690 3252 781 3332 gradu

108 3357 179 3400 auro
196 3338 336 3399 decorum
351 3356 447 3418 syrma
463 3338 614 3400 barbarico
630 3339 731 3400 trahit:

108 3431 175 3504 post
191 3423 281 3484 multa
297 3423 389 3484 virtus
404 3442 493 3503 opera
508 3424 597 3485 laxari
614 3424 696 3485 solet.

107 3527 169 3570 ure.
196 3507 260 3568 lfoe
275 3509 379 3589 Euryti
394 3511 502 3570 fatetur
517 3510 610 3570 eversi
625 3510 730 3570 domus

192 3678 242 3727 440
265 3691 337 3728 meae
355 3675 402 3726 hae
419 3682 479 3728 sunt
496 3677 521 3727 A
589 3678 639 3730 453
658 3680 782 3728 errantem
800 3673 870 3726 dedit
888 3674 913 3724 A
933 3673 1025 3726 erranti
1041 3675 1059 3739 ς
1113 3652 1150 3735 ἦ*

107 3758 157 3793 nou
176 3748 297 3807 monstra,
316 3757 406 3796 saevas
425 3744 449 3794 A
511 3748 561 3798 456
579 3744 773 3811 Amphitryona·
789 3746 949 3794 continuant
966 3740 1040 3794 codd.
1057 3724 1152 3791 ΜΨ*

109 3808 239 3860 Gruterus
290 3814 340 3864 460
364 3812 434 3878 rupis
453 3827 544 3864 exesae
561 3812 587 3863 A
637 3816 686 3866 461
706 3812 787 3878 pretia
804 3811 869 3863 tanti
886 3810 912 3862 A
962 3813 1013 3863 474
1029 3792 1152 3860 etheuf

106 3882 156 3996 2⁷5
172 3877 332 4000 'barba9rieqpr
352 3881 376 3929 A
448 3884 498 3933 477
518 3880 566 3932 hoe
585 3881 707 3933 tentantis
725 3879 899 3946 (Teuthrantis
916 3879 965 3932 hoe
982 3876 1081 3941 Dalrr'o)
1095 3856 1150 3937 ςθῙ·

133 3964 154 3999 r.
181 3963 227 3997 rer.
263 3968 304 4015 ,u
868 3961 872 3967 ·
