2580 4366
143 215 205 277 270
527 235 555 275 c.
577 236 680 278 anunm
702 237 826 279 sannone

143 385 210 466 quis
231 385 419 467 inhospitalis
440 385 560 447 Caucasi
583 404 688 469 rupem
710 405 845 469 asperam

143 470 315 531 Heniochus
337 471 472 532 habitans
495 473 595 551 quisve
618 470 769 553 Cecropiis
791 484 887 535 metus

142 555 229 618 terris
251 554 448 617 Procrustes?
477 557 594 635 genitor
616 564 653 618 en
677 568 762 619 natos
784 577 887 639 premo

141 659 321 721 premorque
344 642 420 703 natis
441 675 484 686 -
506 643 627 703 sceleris
649 651 694 703 est
713 643 821 723 aliquis
842 645 957 707 modus.
1036 684 1040 690 -

141 745 206 787 nra.
250 725 360 788 Sceleri
382 728 489 788 modus
510 726 634 788 debetur
656 726 707 787 uhi
729 728 818 790 iacias
840 729 947 803 scelus,

141 829 202 871 non
226 811 277 872 uhi
298 829 435 891 reponas.
478 814 536 872 hoc
559 831 678 892 quoque
700 813 840 892 exiguum
863 822 907 875 est
928 815 1014 877 mihi.

141 914 177 956 ex
198 896 319 956 vulnere
340 897 406 977 ipso
429 898 603 976 sanguinem
626 897 753 958 calidum
776 899 808 958 in
830 908 879 961 tua

140 981 301 1042 defundere
323 1000 374 1042 ora
396 983 495 1056 debui,
517 991 551 1043 ut
572 982 731 1044 viventium

140 1066 257 1128 hiberes
279 1086 414 1128 eruorem
436 1101 478 1111 -
521 1068 609 1128 verba
631 1076 701 1127 sunt
721 1069 781 1129 irae
804 1069 869 1130 data

138 1152 210 1213 dum
232 1170 371 1232 propero.
415 1153 493 1212 ferro
516 1152 637 1213 vulnera
659 1153 802 1233 impresso
826 1154 902 1229 dedi,

139 1237 231 1298 cecidi
253 1239 289 1297 ad
311 1255 391 1311 aras,
415 1239 503 1298 caede
525 1239 618 1299 votiva
640 1237 724 1298 iocos

125 1321 249 1402 ‚placavi
271 1331 412 1396 stactus,
434 1341 560 1402 corpora
582 1323 714 1384 exanima
736 1334 902 1404 amputans,

137 1410 168 1469 in
191 1426 279 1490 parva
302 1408 398 1487 carpsi
420 1409 512 1469 inusta
535 1419 564 1469 et
585 1409 667 1483 haec
680 1408 862 1470 serventibus

138 1492 262 1571 demersi
284 1494 375 1567 aenis,
399 1493 448 1554 illa
471 1492 561 1554 lentis
582 1492 702 1571 ignibus

136 1577 246 1640 stillare
268 1579 356 1652 iussi3
379 1579 509 1639 membra
533 1597 698 1658 nervosque
720 1578 831 1639 abscidi

137 1663 311 1737 viventibus,
333 1663 494 1744 gracilique
515 1665 651 1725 traiectas
671 1681 744 1725 veru

136 1750 251 1827 mugire
272 1750 361 1811 fibras
382 1750 440 1810 vidi
463 1761 493 1809 et
513 1749 609 1828 egessi
632 1766 721 1809 manu

136 1853 201 1896 mea
222 1835 286 1915 ipse
307 1835 440 1896 flammas
460 1868 503 1878 -
547 1833 646 1895 omnia
668 1834 740 1894 haec
762 1830 869 1895 melius
890 1843 975 1916 pater

134 1921 240 1982 fecisse
261 1921 368 2001 potuit,
390 1918 496 1981 cecidit
518 1919 549 1980 in
572 1937 688 1980 cassum
712 1917 811 1978 dolor:

135 2006 220 2066 scidit
242 2024 294 2065 ore
316 2014 402 2066 natos
423 2005 524 2085 impio,
547 2004 598 2066 sed
622 2003 767 2076 nesciens,

134 2092 185 2156 sed
209 2091 383 2151 nescientes.
427 2109 491 2150 rar.
535 2088 638 2151 Clausa
660 2087 798 2149 litoribus
819 2086 899 2166 vagis

134 2176 232 2237 audite
253 2176 354 2250 maria,
377 2192 428 2235 vos
451 2192 570 2254 quoqne
593 2173 690 2235 audite
713 2175 770 2234 hoc
792 2172 901 2246 scelus,

134 2278 333 2341 quocumque,
355 2260 394 2331 di,
417 2260 543 2339 fugistis.
587 2259 685 2320 audite
706 2258 804 2330 inseri,

133 2348 231 2408 audite
253 2354 357 2418 terrae,
379 2344 503 2424 Noxque
524 2343 663 2405 Tartarea
685 2343 780 2422 gravis

134 2440 162 2492 et
184 2441 245 2492 atra
268 2430 358 2502 nube,
380 2430 503 2489 vocibus
525 2428 636 2489 nostris
657 2446 726 2489 vaca

131 2515 197 2593 (tibi
219 2533 284 2576 sum
307 2515 438 2589 relictus,
460 2512 521 2574 sola
544 2522 576 2574 tu
599 2513 739 2574 miserum
762 2513 852 2585 vides,

134 2611 163 2663 tu
187 2618 305 2680 quoque
328 2600 392 2661 sine
414 2598 523 2674 astris),
543 2607 610 2659 vota
633 2616 693 2659 non
717 2598 820 2659 faciam
843 2596 986 2678 improba,

131 2704 186 2766 pro
209 2704 256 2746 me
279 2684 352 2745 nihil
374 2684 519 2765 precabor
539 2717 582 2728 -
605 2683 725 2762 etquid
749 2683 804 2743 iam
828 2691 926 2763 polest

131 2790 185 2852 pro
209 2767 364 2831 maesse?
393 2770 476 2830 vohis
496 2779 562 2830 vola
584 2769 765 2848 prospicient
789 2786 862 2828 mea.

130 2868 173 2930 tu,
195 2873 309 2918 summe
331 2855 404 2916 caeli
425 2865 532 2928 rector,
554 2853 699 2915 aetheriae
722 2861 828 2932 potens

131 2942 298 3003 dominator
319 2940 412 3010 aulae,
436 2939 566 3001 nubibus
587 2946 682 2999 totum
704 2938 832 2999 horridis

130 3027 270 3089 convolve
292 3027 446 3099 mundum,
469 3024 544 3085 bella
567 3032 721 3084 ventorum
745 3023 876 3102 undique
963 3042 967 3048 ·

130 3113 281 3174 committe
304 3121 333 3172 et
355 3111 436 3170 omni
458 3118 542 3191 parte
563 3109 725 3169 violentum
747 3108 860 3181 intona,

129 3215 308 3277 manumque
330 3214 392 3256 non
415 3212 473 3275 qua
494 3203 571 3256 tecta
593 3203 621 3255 et
642 3194 803 3254 immeritas
824 3192 928 3252 domos

130 3283 188 3344 telo
211 3283 287 3362 petis
309 3282 434 3354 minore,
457 3280 508 3340 sed
531 3298 588 3359 qua
609 3279 755 3339 montium

129 3368 292 3447 tergemina
313 3366 407 3426 moles
429 3364 534 3426 cecidit
556 3365 658 3444 etqui
680 3362 831 3446 montibus

127 3453 244 3516 stabant
266 3470 351 3533 pares
372 3450 521 3530 Gigantes,
543 3450 616 3510 haec
638 3467 717 3511 arma
740 3447 843 3528 expedi

127 3541 270 3618 ignesque
293 3546 409 3616 torque.
452 3535 566 3595 vindica
588 3534 729 3594 amissum
751 3534 838 3604 diem,

128 3693 332 3703 --———--—-

1150 3542 1204 3594 1⁰85

215 3775 280 3825 1054
297 3770 416 3822 callidum
430 3770 455 3821 ld
517 3771 580 3822 1055
600 3765 739 3819 diffundere
756 3766 782 3817 A
834 3767 904 3818 ’1060
922 3778 1029 3831 corpore
1046 3767 1203 3830 manime&

130 3842 193 3893 1063
212 3841 317 3891 traiecto
334 3840 360 3889 A
422 3840 487 3890 1064
506 3835 663 3905 aggressiss
721 3837 785 3888 1065
803 3833 901 3899 ipsaE
956 3835 1019 3887 1068
1034 3840 1101 3900 poet
1118 3837 1203 3889 clama

126 3924 202 3959 eraso
221 3911 235 3959 1
256 3909 294 3958 lit.
312 3909 336 3956 Ε
407 3907 471 3959 1060
495 3921 593 3970 vosque
617 3903 643 3954 di
666 3902 751 3954 audite
769 3903 794 3952 A
865 3903 929 3952 1010
950 3918 974 3968 q.
995 3901 1137 3972 diffugistis
1155 3902 1202 3957 EA

117 3980 244 4030 correxit
262 3975 414 4028 Gronovius
432 3978 470 4041 (gl
543 3975 606 4027 1081
625 3984 752 4038 manuque
770 3971 795 4019 A
813 3968 847 4028 cll
866 3970 887 4033 I,
905 3969 939 4021 40
