<?xml version="1.0" encoding="UTF-8"?>
<!DOCTYPE html PUBLIC "-//W3C//DTD XHTML 1.0 Transitional//EN"
    "http://www.w3.org/TR/xhtml1/DTD/xhtml1-transitional.dtd">
<html xmlns="http://www.w3.org/1999/xhtml" xml:lang="en" lang="en">
 <head>
  <title>
</title>
<meta http-equiv="Content-Type" content="text/html;charset=utf-8" />
  <meta name='ocr-system' content='tesseract 3.04.00' />
  <meta name='ocr-capabilities' content='ocr_page ocr_carea ocr_par ocr_line ocrx_word'/>
</head>
<body>
  <div class='ocr_page' id='page_1' title='image "./tragoediae00leogoog_0451.png"; bbox 0 0 2580 4366; ppageno 0'>
   <div class='ocr_carea' id='block_1_1' title="bbox 527 221 830 266">
    <p class='ocr_par' dir='ltr' id='par_1_1' title="bbox 527 221 830 266">
     <span class='ocr_line' id='line_1_1' title="bbox 527 221 830 266; baseline 0.01 -3"><span class='ocrx_word' id='word_1_1' title='bbox 527 221 555 263; x_wconf 80' lang='lat' dir='ltr'><strong>L·</strong></span> <span class='ocrx_word' id='word_1_2' title='bbox 577 221 683 264; x_wconf 73' lang='lat' dir='ltr'><strong>tultam</strong></span> <span class='ocrx_word' id='word_1_3' title='bbox 704 221 830 266; x_wconf 75' lang='lat' dir='ltr'>SENECAE</span> 
     </span>
    </p>
   </div>
   <div class='ocr_carea' id='block_1_2' title="bbox 499 369 679 433">
    <p class='ocr_par' dir='ltr' id='par_1_2' title="bbox 499 369 679 433">
     <span class='ocr_line' id='line_1_2' title="bbox 499 369 679 433; baseline 0.017 -3"><span class='ocrx_word' id='word_1_4' title='bbox 499 369 679 433; x_wconf 76' lang='lat' dir='ltr'><strong>Phthour</strong></span> 
     </span>
    </p>
   </div>
   <div class='ocr_carea' id='block_1_3' title="bbox 70 469 1223 3604">
    <p class='ocr_par' dir='ltr' id='par_1_3' title="bbox 70 469 943 2908">
     <span class='ocr_line' id='line_1_3' title="bbox 231 469 925 550; baseline 0.006 -20"><span class='ocrx_word' id='word_1_5' title='bbox 231 469 286 545; x_wconf 89' lang='lat' dir='ltr'><strong>Me,</strong></span> <span class='ocrx_word' id='word_1_6' title='bbox 309 487 367 547; x_wconf 90' lang='lat' dir='ltr'><strong>me,</strong></span> <span class='ocrx_word' id='word_1_7' title='bbox 389 471 530 550; x_wconf 77' lang='lat' dir='ltr'><strong>profundi</strong></span> <span class='ocrx_word' id='word_1_8' title='bbox 552 491 636 533; x_wconf 83' lang='lat' dir='ltr'><strong>saeve</strong></span> <span class='ocrx_word' id='word_1_9' title='bbox 659 472 826 534; x_wconf 79' lang='lat' dir='ltr'><strong>dominator</strong></span> <span class='ocrx_word' id='word_1_10' title='bbox 847 474 925 550; x_wconf 80' lang='lat' dir='ltr'><strong>freti,</strong></span> 
     </span>
     <span class='ocr_line' id='line_1_4' title="bbox 144 554 833 620; baseline 0.004 -4"><span class='ocrx_word' id='word_1_11' title='bbox 144 554 248 616; x_wconf 82' lang='lat' dir='ltr'><strong>invade</strong></span> <span class='ocrx_word' id='word_1_12' title='bbox 270 563 299 615; x_wconf 91' lang='lat' dir='ltr'><strong>et</strong></span> <span class='ocrx_word' id='word_1_13' title='bbox 321 556 352 617; x_wconf 91' lang='lat' dir='ltr'><strong>in</strong></span> <span class='ocrx_word' id='word_1_14' title='bbox 374 573 422 617; x_wconf 92' lang='lat' dir='ltr'><strong>me</strong></span> <span class='ocrx_word' id='word_1_15' title='bbox 443 565 575 618; x_wconf 84' lang='lat' dir='ltr'><strong>monstra</strong></span> <span class='ocrx_word' id='word_1_16' title='bbox 596 557 722 619; x_wconf 85' lang='lat' dir='ltr'><strong>caerulei</strong></span> <span class='ocrx_word' id='word_1_17' title='bbox 744 557 833 620; x_wconf 89' lang='lat' dir='ltr'><strong>maris</strong></span> 
     </span>
     <span class='ocr_line' id='line_1_5' title="bbox 145 639 768 722; baseline 0.002 -20"><span class='ocrx_word' id='word_1_18' title='bbox 145 639 255 713; x_wconf 84' lang='lat' dir='ltr'><strong>emitte,</strong></span> <span class='ocrx_word' id='word_1_19' title='bbox 278 640 422 720; x_wconf 86' lang='lat' dir='ltr'><strong>quidquid</strong></span> <span class='ocrx_word' id='word_1_20' title='bbox 443 641 547 702; x_wconf 91' lang='lat' dir='ltr'><strong>intimo</strong></span> <span class='ocrx_word' id='word_1_21' title='bbox 570 642 679 722; x_wconf 76' lang='lat' dir='ltr'><strong>Tethys</strong></span> <span class='ocrx_word' id='word_1_22' title='bbox 700 642 768 705; x_wconf 89' lang='lat' dir='ltr'><strong>sinu</strong></span> 
     </span>
     <span class='ocr_line' id='line_1_6' title="bbox 146 726 827 808; baseline 0.006 -22"><span class='ocrx_word' id='word_1_23' title='bbox 146 732 274 786; x_wconf 84' lang='lat' dir='ltr'><strong>extrema</strong></span> <span class='ocrx_word' id='word_1_24' title='bbox 296 733 400 804; x_wconf 82' lang='lat' dir='ltr'><strong>gestat,</strong></span> <span class='ocrx_word' id='word_1_25' title='bbox 423 726 567 806; x_wconf 90' lang='lat' dir='ltr'><strong>quidquid</strong></span> <span class='ocrx_word' id='word_1_26' title='bbox 589 727 726 790; x_wconf 78' lang='lat' dir='ltr'><strong>Oceanus</strong></span> <span class='ocrx_word' id='word_1_27' title='bbox 747 728 827 808; x_wconf 77' lang='lat' dir='ltr'><strong>ragis</strong></span> 
     </span>
     <span class='ocr_line' id='line_1_7' title="bbox 145 807 941 890; baseline -0.001 -16"><span class='ocrx_word' id='word_1_28' title='bbox 145 807 315 888; x_wconf 82' lang='lat' dir='ltr'><strong>complexus</strong></span> <span class='ocrx_word' id='word_1_29' title='bbox 337 810 424 872; x_wconf 90' lang='lat' dir='ltr'><strong>undis</strong></span> <span class='ocrx_word' id='word_1_30' title='bbox 447 810 549 873; x_wconf 91' lang='lat' dir='ltr'><strong>ultimo</strong></span> <span class='ocrx_word' id='word_1_31' title='bbox 571 812 662 874; x_wconf 87' lang='lat' dir='ltr'><strong>lluotu</strong></span> <span class='ocrx_word' id='word_1_32' title='bbox 685 811 767 890; x_wconf 82' lang='lat' dir='ltr'><strong>tegit.</strong></span> <span class='ocrx_word' id='word_1_33' title='bbox 938 817 941 823; x_wconf 85' lang='lat'>&#39;</span> 
     </span>
     <span class='ocr_line' id='line_1_8' title="bbox 146 892 920 976; baseline 0.004 -19"><span class='ocrx_word' id='word_1_34' title='bbox 146 914 163 957; x_wconf 97' lang='lat' dir='ltr'><strong>o</strong></span> <span class='ocrx_word' id='word_1_35' title='bbox 186 895 260 956; x_wconf 88' lang='lat' dir='ltr'><strong>dure</strong></span> <span class='ocrx_word' id='word_1_36' title='bbox 281 892 398 956; x_wconf 83' lang='lat' dir='ltr'><strong>Theseu</strong></span> <span class='ocrx_word' id='word_1_37' title='bbox 421 913 547 975; x_wconf 85' lang='lat' dir='ltr'><strong>semper,</strong></span> <span class='ocrx_word' id='word_1_38' title='bbox 570 914 588 956; x_wconf 93' lang='lat' dir='ltr'><strong>o</strong></span> <span class='ocrx_word' id='word_1_39' title='bbox 611 914 772 976; x_wconf 80' lang='lat' dir='ltr'>numquam</span> <span class='ocrx_word' id='word_1_40' title='bbox 794 898 830 960; x_wconf 92' lang='lat' dir='ltr'><strong>ad</strong></span> <span class='ocrx_word' id='word_1_41' title='bbox 851 908 920 960; x_wconf 91' lang='lat' dir='ltr'><strong>tuos</strong></span> 
     </span>
     <span class='ocr_line' id='line_1_9' title="bbox 145 981 760 1060; baseline 0.002 -18"><span class='ocrx_word' id='word_1_42' title='bbox 145 987 209 1042; x_wconf 91' lang='lat' dir='ltr'><strong>tuto</strong></span> <span class='ocrx_word' id='word_1_43' title='bbox 231 997 363 1041; x_wconf 83' lang='lat' dir='ltr'><strong>reverse:</strong></span> <span class='ocrx_word' id='word_1_44' title='bbox 387 989 474 1042; x_wconf 87' lang='lat' dir='ltr'><strong>natus</strong></span> <span class='ocrx_word' id='word_1_45' title='bbox 496 990 526 1042; x_wconf 93' lang='lat' dir='ltr'><strong>et</strong></span> <span class='ocrx_word' id='word_1_46' title='bbox 548 981 664 1060; x_wconf 85' lang='lat' dir='ltr'><strong>genitor</strong></span> <span class='ocrx_word' id='word_1_47' title='bbox 686 1000 760 1043; x_wconf 90' lang='lat' dir='ltr'><strong>nece</strong></span> 
     </span>
     <span class='ocr_line' id='line_1_10' title="bbox 145 1063 773 1145; baseline 0.003 -19"><span class='ocrx_word' id='word_1_48' title='bbox 145 1064 257 1126; x_wconf 85' lang='lat' dir='ltr'><strong>reditus</strong></span> <span class='ocrx_word' id='word_1_49' title='bbox 280 1072 347 1126; x_wconf 90' lang='lat' dir='ltr'><strong>tuos</strong></span> <span class='ocrx_word' id='word_1_50' title='bbox 368 1063 466 1139; x_wconf 88' lang='lat' dir='ltr'><strong>luere;</strong></span> <span class='ocrx_word' id='word_1_51' title='bbox 489 1065 632 1145; x_wconf 87' lang='lat' dir='ltr'><strong>pervertis</strong></span> <span class='ocrx_word' id='word_1_52' title='bbox 655 1065 773 1128; x_wconf 92' lang='lat' dir='ltr'><strong>domum</strong></span> 
     </span>
     <span class='ocr_line' id='line_1_11' title="bbox 144 1149 872 1231; baseline 0 -19"><span class='ocrx_word' id='word_1_53' title='bbox 144 1167 245 1212; x_wconf 89' lang='lat' dir='ltr'><strong>amore</strong></span> <span class='ocrx_word' id='word_1_54' title='bbox 266 1167 385 1231; x_wconf 88' lang='lat' dir='ltr'><strong>semper</strong></span> <span class='ocrx_word' id='word_1_55' title='bbox 406 1149 567 1230; x_wconf 79' lang='lat' dir='ltr'><strong>coniugum</strong></span> <span class='ocrx_word' id='word_1_56' title='bbox 590 1159 640 1212; x_wconf 87' lang='lat' dir='ltr'><strong>aut</strong></span> <span class='ocrx_word' id='word_1_57' title='bbox 660 1151 727 1212; x_wconf 88' lang='lat' dir='ltr'><strong>odio</strong></span> <span class='ocrx_word' id='word_1_58' title='bbox 751 1169 872 1214; x_wconf 88' lang='lat' dir='ltr'><strong>nocens.</strong></span> 
     </span>
     <span class='ocr_line' id='line_1_12' title="bbox 145 1233 742 1315; baseline 0 -19"><span class='ocrx_word' id='word_1_59' title='bbox 145 1233 314 1315; x_wconf 80' lang='lat' dir='ltr'><strong>Hippolyte,</strong></span> <span class='ocrx_word' id='word_1_60' title='bbox 337 1233 410 1295; x_wconf 88' lang='lat' dir='ltr'><strong>tales</strong></span> <span class='ocrx_word' id='word_1_61' title='bbox 432 1234 533 1297; x_wconf 88' lang='lat' dir='ltr'><strong>intuor</strong></span> <span class='ocrx_word' id='word_1_62' title='bbox 554 1235 652 1298; x_wconf 89' lang='lat' dir='ltr'><strong>vultus</strong></span> <span class='ocrx_word' id='word_1_63' title='bbox 673 1246 742 1298; x_wconf 92' lang='lat' dir='ltr'><strong>tuos</strong></span> 
     </span>
     <span class='ocr_line' id='line_1_13' title="bbox 145 1316 847 1398; baseline 0.001 -18"><span class='ocrx_word' id='word_1_64' title='bbox 145 1318 277 1398; x_wconf 86' lang='lat' dir='ltr'><strong>talesque</strong></span> <span class='ocrx_word' id='word_1_65' title='bbox 297 1316 377 1380; x_wconf 76' lang='lat' dir='ltr'><strong>leci?</strong></span> <span class='ocrx_word' id='word_1_66' title='bbox 399 1319 530 1393; x_wconf 84' lang='lat' dir='ltr'><strong>membra</strong></span> <span class='ocrx_word' id='word_1_67' title='bbox 552 1319 619 1398; x_wconf 86' lang='lat' dir='ltr'><strong>quis</strong></span> <span class='ocrx_word' id='word_1_68' title='bbox 641 1338 745 1383; x_wconf 89' lang='lat' dir='ltr'><strong>saevus</strong></span> <span class='ocrx_word' id='word_1_69' title='bbox 766 1320 847 1382; x_wconf 91' lang='lat' dir='ltr'><strong>Sinis</strong></span> 
     </span>
     <span class='ocr_line' id='line_1_14' title="bbox 70 1402 920 1485; baseline 0 -18"><span class='ocrx_word' id='word_1_70' title='bbox 70 1461 77 1474; x_wconf 84' lang='grc'><em>,</em></span> <span class='ocrx_word' id='word_1_71' title='bbox 145 1411 196 1467; x_wconf 90' lang='lat' dir='ltr'><strong>aut</strong></span> <span class='ocrx_word' id='word_1_72' title='bbox 217 1403 284 1482; x_wconf 88' lang='lat' dir='ltr'><strong>quis</strong></span> <span class='ocrx_word' id='word_1_73' title='bbox 305 1403 479 1465; x_wconf 81' lang='lat' dir='ltr'><strong>Procrustes</strong></span> <span class='ocrx_word' id='word_1_74' title='bbox 502 1404 611 1484; x_wconf 84' lang='lat' dir='ltr'><strong>sparsit</strong></span> <span class='ocrx_word' id='word_1_75' title='bbox 632 1416 682 1467; x_wconf 91' lang='lat' dir='ltr'><strong>aut</strong></span> <span class='ocrx_word' id='word_1_76' title='bbox 703 1404 770 1485; x_wconf 92' lang='lat' dir='ltr'><strong>quis</strong></span> <span class='ocrx_word' id='word_1_77' title='bbox 793 1402 920 1481; x_wconf 83' lang='lat' dir='ltr'><strong>Oresius,</strong></span> 
     </span>
     <span class='ocr_line' id='line_1_15' title="bbox 145 1487 826 1571; baseline -0.003 -20"><span class='ocrx_word' id='word_1_78' title='bbox 145 1488 287 1551; x_wconf 86' lang='lat' dir='ltr'><strong>Daedalea</strong></span> <span class='ocrx_word' id='word_1_79' title='bbox 309 1496 389 1550; x_wconf 82' lang='lat' dir='ltr'><strong>vasto</strong></span> <span class='ocrx_word' id='word_1_80' title='bbox 411 1487 538 1550; x_wconf 89' lang='lat' dir='ltr'><strong>claustra</strong></span> <span class='ocrx_word' id='word_1_81' title='bbox 559 1489 673 1570; x_wconf 77' lang='lat' dir='ltr'><strong>mugitu</strong></span> <span class='ocrx_word' id='word_1_82' title='bbox 696 1490 826 1571; x_wconf 90' lang='lat' dir='ltr'><strong>replens,</strong></span> 
     </span>
     <span class='ocr_line' id='line_1_16' title="bbox 145 1572 759 1653; baseline -0.002 -16"><span class='ocrx_word' id='word_1_83' title='bbox 145 1583 248 1638; x_wconf 91' lang='lat' dir='ltr'><strong>taurus</strong></span> <span class='ocrx_word' id='word_1_84' title='bbox 269 1572 403 1634; x_wconf 89' lang='lat' dir='ltr'><strong>hilormis</strong></span> <span class='ocrx_word' id='word_1_85' title='bbox 425 1591 476 1634; x_wconf 90' lang='lat' dir='ltr'><strong>ore</strong></span> <span class='ocrx_word' id='word_1_86' title='bbox 498 1573 654 1653; x_wconf 82' lang='lat' dir='ltr'><strong>cornigero</strong></span> <span class='ocrx_word' id='word_1_87' title='bbox 675 1575 759 1637; x_wconf 81' lang='lat' dir='ltr'><strong>ferox</strong></span> 
     </span>
     <span class='ocr_line' id='line_1_17' title="bbox 146 1655 830 1739; baseline -0.004 -18"><span class='ocrx_word' id='word_1_88' title='bbox 146 1655 285 1721; x_wconf 78' lang='lat' dir='ltr'><strong>divulsit?</strong></span> <span class='ocrx_word' id='word_1_89' title='bbox 307 1659 366 1719; x_wconf 90' lang='lat' dir='ltr'><strong>heu</strong></span> <span class='ocrx_word' id='word_1_90' title='bbox 388 1676 445 1734; x_wconf 92' lang='lat' dir='ltr'><strong>me,</strong></span> <span class='ocrx_word' id='word_1_91' title='bbox 468 1677 528 1738; x_wconf 84' lang='lat' dir='ltr'><strong>quo</strong></span> <span class='ocrx_word' id='word_1_92' title='bbox 551 1669 620 1721; x_wconf 89' lang='lat' dir='ltr'><strong>tuus</strong></span> <span class='ocrx_word' id='word_1_93' title='bbox 641 1659 718 1739; x_wconf 80' lang='lat' dir='ltr'><strong>sugit</strong></span> <span class='ocrx_word' id='word_1_94' title='bbox 741 1659 830 1721; x_wconf 89' lang='lat' dir='ltr'><strong>decor</strong></span> 
     </span>
     <span class='ocr_line' id='line_1_18' title="bbox 147 1739 854 1822; baseline -0.004 -16"><span class='ocrx_word' id='word_1_95' title='bbox 147 1742 285 1822; x_wconf 86' lang='lat' dir='ltr'><strong>oculique</strong></span> <span class='ocrx_word' id='word_1_96' title='bbox 307 1750 442 1805; x_wconf 89' lang='lat' dir='ltr'><strong>nostrum</strong></span> <span class='ocrx_word' id='word_1_97' title='bbox 464 1741 570 1805; x_wconf 79' lang='lat' dir='ltr'><strong>sidus?</strong></span> <span class='ocrx_word' id='word_1_98' title='bbox 593 1743 734 1806; x_wconf 82' lang='lat' dir='ltr'><strong>exanimis</strong></span> <span class='ocrx_word' id='word_1_99' title='bbox 755 1739 854 1805; x_wconf 74' lang='lat' dir='ltr'><strong>iaces?</strong></span> 
     </span>
     <span class='ocr_line' id='line_1_19' title="bbox 146 1827 843 1908; baseline 0 -18"><span class='ocrx_word' id='word_1_100' title='bbox 146 1828 215 1891; x_wconf 92' lang='lat' dir='ltr'><strong>ades</strong></span> <span class='ocrx_word' id='word_1_101' title='bbox 237 1845 398 1908; x_wconf 80' lang='lat' dir='ltr'><strong>parumper</strong></span> <span class='ocrx_word' id='word_1_102' title='bbox 419 1827 567 1908; x_wconf 87' lang='lat' dir='ltr'><strong>verbaque</strong></span> <span class='ocrx_word' id='word_1_103' title='bbox 589 1828 693 1890; x_wconf 81' lang='lat' dir='ltr'><strong>exaudi</strong></span> <span class='ocrx_word' id='word_1_104' title='bbox 715 1847 780 1890; x_wconf 92' lang='lat' dir='ltr'><strong>mea</strong></span> <span class='ocrx_word' id='word_1_105' title='bbox 801 1862 843 1873; x_wconf 89' lang='lat'><em>-</em></span> 
     </span>
     <span class='ocr_line' id='line_1_20' title="bbox 146 1912 882 1993; baseline -0.001 -19"><span class='ocrx_word' id='word_1_106' title='bbox 146 1913 189 1975; x_wconf 88' lang='lat' dir='ltr'><strong>nil</strong></span> <span class='ocrx_word' id='word_1_107' title='bbox 211 1920 298 1992; x_wconf 87' lang='lat' dir='ltr'><strong>turpe</strong></span> <span class='ocrx_word' id='word_1_108' title='bbox 320 1913 485 1993; x_wconf 90' lang='lat' dir='ltr'><strong>loquimur:</strong></span> <span class='ocrx_word' id='word_1_109' title='bbox 509 1914 563 1974; x_wconf 86' lang='lat' dir='ltr'><strong>hoo</strong></span> <span class='ocrx_word' id='word_1_110' title='bbox 585 1931 674 1975; x_wconf 90' lang='lat' dir='ltr'><strong>manu</strong></span> <span class='ocrx_word' id='word_1_111' title='bbox 697 1931 808 1992; x_wconf 87' lang='lat' dir='ltr'><strong>poenas</strong></span> <span class='ocrx_word' id='word_1_112' title='bbox 830 1912 882 1973; x_wconf 90' lang='lat' dir='ltr'><strong>tibi</strong></span> 
     </span>
     <span class='ocr_line' id='line_1_21' title="bbox 147 1996 875 2080; baseline -0.001 -21"><span class='ocrx_word' id='word_1_113' title='bbox 147 1998 256 2059; x_wconf 89' lang='lat' dir='ltr'><strong>solvam</strong></span> <span class='ocrx_word' id='word_1_114' title='bbox 280 2005 309 2058; x_wconf 89' lang='lat' dir='ltr'><strong>et</strong></span> <span class='ocrx_word' id='word_1_115' title='bbox 330 1996 457 2058; x_wconf 77' lang='lat' dir='ltr'><strong>nefando</strong></span> <span class='ocrx_word' id='word_1_116' title='bbox 479 1998 592 2076; x_wconf 84' lang='lat' dir='ltr'><strong>pectori</strong></span> <span class='ocrx_word' id='word_1_117' title='bbox 614 1998 725 2060; x_wconf 84' lang='lat' dir='ltr'><strong>serrum</strong></span> <span class='ocrx_word' id='word_1_118' title='bbox 749 1998 875 2080; x_wconf 86' lang='lat' dir='ltr'><strong>inseram</strong></span> 
     </span>
     <span class='ocr_line' id='line_1_22' title="bbox 146 2081 943 2162; baseline -0.003 -17"><span class='ocrx_word' id='word_1_119' title='bbox 146 2082 303 2161; x_wconf 90' lang='lat' dir='ltr'><strong>animaque</strong></span> <span class='ocrx_word' id='word_1_120' title='bbox 324 2081 485 2143; x_wconf 89' lang='lat' dir='ltr'><strong>Phaedram</strong></span> <span class='ocrx_word' id='word_1_121' title='bbox 508 2083 618 2162; x_wconf 88' lang='lat' dir='ltr'><strong>pariter</strong></span> <span class='ocrx_word' id='word_1_122' title='bbox 640 2101 673 2144; x_wconf 89' lang='lat' dir='ltr'><strong>ao</strong></span> <span class='ocrx_word' id='word_1_123' title='bbox 695 2082 807 2144; x_wconf 88' lang='lat' dir='ltr'><strong>scelere</strong></span> <span class='ocrx_word' id='word_1_124' title='bbox 829 2098 943 2156; x_wconf 83' lang='lat' dir='ltr'><strong>exuam,</strong></span> 
     </span>
     <span class='ocr_line' id='line_1_23' title="bbox 148 2167 842 2247; baseline -0.004 -17"><span class='ocrx_word' id='word_1_125' title='bbox 148 2175 178 2230; x_wconf 87' lang='lat' dir='ltr'><strong>et</strong></span> <span class='ocrx_word' id='word_1_126' title='bbox 191 2175 227 2230; x_wconf 80' lang='lat' dir='ltr'><strong>te</strong></span> <span class='ocrx_word' id='word_1_127' title='bbox 248 2184 303 2247; x_wconf 89' lang='lat' dir='ltr'><strong>per</strong></span> <span class='ocrx_word' id='word_1_128' title='bbox 323 2167 418 2228; x_wconf 90' lang='lat' dir='ltr'><strong>undas</strong></span> <span class='ocrx_word' id='word_1_129' title='bbox 439 2185 553 2247; x_wconf 86' lang='lat' dir='ltr'><strong>perque</strong></span> <span class='ocrx_word' id='word_1_130' title='bbox 574 2167 730 2229; x_wconf 83' lang='lat' dir='ltr'><strong>Tartareos</strong></span> <span class='ocrx_word' id='word_1_131' title='bbox 750 2167 842 2244; x_wconf 89' lang='lat' dir='ltr'><strong>lacus,</strong></span> 
     </span>
     <span class='ocr_line' id='line_1_24' title="bbox 146 2251 910 2333; baseline -0.001 -20"><span class='ocrx_word' id='word_1_132' title='bbox 146 2270 204 2333; x_wconf 88' lang='lat' dir='ltr'><strong>per</strong></span> <span class='ocrx_word' id='word_1_133' title='bbox 224 2252 322 2331; x_wconf 77' lang='lat' dir='ltr'><strong>Styga,</strong></span> <span class='ocrx_word' id='word_1_134' title='bbox 345 2270 400 2331; x_wconf 88' lang='lat' dir='ltr'><strong>per</strong></span> <span class='ocrx_word' id='word_1_135' title='bbox 421 2270 522 2313; x_wconf 87' lang='lat' dir='ltr'><strong>amnes</strong></span> <span class='ocrx_word' id='word_1_136' title='bbox 544 2251 648 2330; x_wconf 85' lang='lat' dir='ltr'><strong>igneos</strong></span> <span class='ocrx_word' id='word_1_137' title='bbox 671 2270 772 2314; x_wconf 89' lang='lat' dir='ltr'><strong>amens</strong></span> <span class='ocrx_word' id='word_1_138' title='bbox 793 2269 910 2330; x_wconf 86' lang='lat' dir='ltr'><strong>sequar.</strong></span> 
     </span>
     <span class='ocr_line' id='line_1_25' title="bbox 147 2334 814 2419; baseline 0 -22"><span class='ocrx_word' id='word_1_139' title='bbox 147 2337 298 2419; x_wconf 88' lang='lat' dir='ltr'><strong>placemus</strong></span> <span class='ocrx_word' id='word_1_140' title='bbox 320 2334 455 2398; x_wconf 89' lang='lat' dir='ltr'><strong>umbras:</strong></span> <span class='ocrx_word' id='word_1_141' title='bbox 479 2336 582 2416; x_wconf 85' lang='lat' dir='ltr'><strong>capitis</strong></span> <span class='ocrx_word' id='word_1_142' title='bbox 604 2335 720 2398; x_wconf 85' lang='lat' dir='ltr'><strong>exuvias</strong></span> <span class='ocrx_word' id='word_1_143' title='bbox 742 2354 814 2416; x_wconf 89' lang='lat' dir='ltr'><strong>cape</strong></span> 
     </span>
     <span class='ocr_line' id='line_1_26' title="bbox 146 2420 883 2500; baseline -0.001 -17"><span class='ocrx_word' id='word_1_144' title='bbox 146 2422 320 2500; x_wconf 89' lang='lat' dir='ltr'><strong>laceraeque</strong></span> <span class='ocrx_word' id='word_1_145' title='bbox 341 2420 448 2482; x_wconf 80' lang='lat' dir='ltr'><strong>frontis</strong></span> <span class='ocrx_word' id='word_1_146' title='bbox 470 2420 570 2500; x_wconf 88' lang='lat' dir='ltr'><strong>accipe</strong></span> <span class='ocrx_word' id='word_1_147' title='bbox 592 2420 735 2483; x_wconf 88' lang='lat' dir='ltr'><strong>abscisam</strong></span> <span class='ocrx_word' id='word_1_148' title='bbox 759 2434 883 2482; x_wconf 90' lang='lat' dir='ltr'><strong>comam.</strong></span> 
     </span>
     <span class='ocr_line' id='line_1_27' title="bbox 148 2504 852 2585; baseline -0.003 -17"><span class='ocrx_word' id='word_1_149' title='bbox 148 2524 209 2568; x_wconf 90' lang='lat' dir='ltr'><strong>non</strong></span> <span class='ocrx_word' id='word_1_150' title='bbox 232 2505 316 2567; x_wconf 89' lang='lat' dir='ltr'><strong>licuit</strong></span> <span class='ocrx_word' id='word_1_151' title='bbox 336 2504 451 2567; x_wconf 88' lang='lat' dir='ltr'><strong>animos</strong></span> <span class='ocrx_word' id='word_1_152' title='bbox 473 2505 608 2585; x_wconf 79' lang='lat' dir='ltr'><strong>iungere,</strong></span> <span class='ocrx_word' id='word_1_153' title='bbox 630 2513 659 2567; x_wconf 88' lang='lat' dir='ltr'><strong>at</strong></span> <span class='ocrx_word' id='word_1_154' title='bbox 681 2512 761 2568; x_wconf 86' lang='lat' dir='ltr'><strong>certe</strong></span> <span class='ocrx_word' id='word_1_155' title='bbox 782 2505 852 2568; x_wconf 83' lang='lat' dir='ltr'><strong>licet</strong></span> 
     </span>
     <span class='ocr_line' id='line_1_28' title="bbox 100 2590 848 2667; baseline -0.001 -15"><span class='ocrx_word' id='word_1_156' title='bbox 100 2626 104 2635; x_wconf 92' lang='lat'><strong>·</strong></span> <span class='ocrx_word' id='word_1_157' title='bbox 146 2591 279 2653; x_wconf 86' lang='lat' dir='ltr'><strong>iunxisse</strong></span> <span class='ocrx_word' id='word_1_158' title='bbox 300 2591 366 2651; x_wconf 86' lang='lat' dir='ltr'><strong>lata.</strong></span> <span class='ocrx_word' id='word_1_159' title='bbox 409 2607 535 2666; x_wconf 89' lang='lat' dir='ltr'><strong>morere,</strong></span> <span class='ocrx_word' id='word_1_160' title='bbox 557 2590 583 2651; x_wconf 89' lang='lat' dir='ltr'><strong>si</strong></span> <span class='ocrx_word' id='word_1_161' title='bbox 606 2599 683 2652; x_wconf 87' lang='lat' dir='ltr'><strong>ousta</strong></span> <span class='ocrx_word' id='word_1_162' title='bbox 705 2608 747 2667; x_wconf 88' lang='lat' dir='ltr'><strong>es,</strong></span> <span class='ocrx_word' id='word_1_163' title='bbox 769 2591 848 2664; x_wconf 82' lang='lat' dir='ltr'><strong>riro;</strong></span> 
     </span>
     <span class='ocr_line' id='line_1_29' title="bbox 147 2674 905 2754; baseline -0.001 -17"><span class='ocrx_word' id='word_1_164' title='bbox 147 2675 173 2737; x_wconf 91' lang='lat' dir='ltr'><strong>si</strong></span> <span class='ocrx_word' id='word_1_165' title='bbox 195 2676 316 2751; x_wconf 82' lang='lat' dir='ltr'><strong>incesta,</strong></span> <span class='ocrx_word' id='word_1_166' title='bbox 338 2674 441 2735; x_wconf 89' lang='lat' dir='ltr'><strong>amori.</strong></span> <span class='ocrx_word' id='word_1_167' title='bbox 485 2675 621 2754; x_wconf 75' lang='lat' dir='ltr'><strong>coniugis</strong></span> <span class='ocrx_word' id='word_1_168' title='bbox 642 2675 786 2737; x_wconf 87' lang='lat' dir='ltr'><strong>thalamos</strong></span> <span class='ocrx_word' id='word_1_169' title='bbox 808 2681 905 2754; x_wconf 82' lang='lat' dir='ltr'><strong>petam</strong></span> 
     </span>
     <span class='ocr_line' id='line_1_30' title="bbox 146 2757 859 2840; baseline -0.003 -18"><span class='ocrx_word' id='word_1_170' title='bbox 146 2768 229 2823; x_wconf 87' lang='lat' dir='ltr'><strong>tanto</strong></span> <span class='ocrx_word' id='word_1_171' title='bbox 252 2759 388 2838; x_wconf 89' lang='lat' dir='ltr'><strong>impiatos</strong></span> <span class='ocrx_word' id='word_1_172' title='bbox 409 2757 562 2821; x_wconf 79' lang='lat' dir='ltr'><strong>facinore?</strong></span> <span class='ocrx_word' id='word_1_173' title='bbox 584 2760 642 2840; x_wconf 82' lang='lat' dir='ltr'><strong>hoc</strong></span> <span class='ocrx_word' id='word_1_174' title='bbox 663 2760 746 2822; x_wconf 87' lang='lat' dir='ltr'><strong>derat</strong></span> <span class='ocrx_word' id='word_1_175' title='bbox 767 2759 859 2837; x_wconf 85' lang='lat' dir='ltr'><strong>uelas,</strong></span> 
     </span>
     <span class='ocr_line' id='line_1_31' title="bbox 147 2843 732 2908; baseline -0.003 -1"><span class='ocrx_word' id='word_1_176' title='bbox 147 2857 181 2908; x_wconf 91' lang='lat' dir='ltr'><strong>ut</strong></span> <span class='ocrx_word' id='word_1_177' title='bbox 202 2843 347 2906; x_wconf 82' lang='lat' dir='ltr'><strong>vindicato</strong></span> <span class='ocrx_word' id='word_1_178' title='bbox 370 2853 470 2906; x_wconf 87' lang='lat' dir='ltr'><strong>sancta</strong></span> <span class='ocrx_word' id='word_1_179' title='bbox 492 2845 634 2905; x_wconf 81' lang='lat' dir='ltr'><strong>fruereris</strong></span> <span class='ocrx_word' id='word_1_180' title='bbox 656 2852 732 2905; x_wconf 90' lang='lat' dir='ltr'><strong>toro.</strong></span> 
     </span>
    </p>

    <p class='ocr_par' dir='ltr' id='par_1_4' title="bbox 148 2928 848 3180">
     <span class='ocr_line' id='line_1_32' title="bbox 149 2928 740 3005; baseline 0 -14"><span class='ocrx_word' id='word_1_181' title='bbox 149 2949 165 2991; x_wconf 94' lang='lat' dir='ltr'><strong>o</strong></span> <span class='ocrx_word' id='word_1_182' title='bbox 188 2948 269 2991; x_wconf 88' lang='lat' dir='ltr'><strong>mors</strong></span> <span class='ocrx_word' id='word_1_183' title='bbox 291 2928 398 2991; x_wconf 86' lang='lat' dir='ltr'><strong>amoris</strong></span> <span class='ocrx_word' id='word_1_184' title='bbox 421 2947 480 2990; x_wconf 90' lang='lat' dir='ltr'><strong>una</strong></span> <span class='ocrx_word' id='word_1_185' title='bbox 498 2929 639 2991; x_wconf 85' lang='lat' dir='ltr'><strong>sedamen</strong></span> <span class='ocrx_word' id='word_1_186' title='bbox 661 2928 740 3005; x_wconf 85' lang='lat' dir='ltr'><strong>mali,</strong></span> 
     </span>
     <span class='ocr_line' id='line_1_33' title="bbox 148 3012 811 3095; baseline -0.002 -18"><span class='ocrx_word' id='word_1_187' title='bbox 148 3033 167 3077; x_wconf 93' lang='lat' dir='ltr'><strong>o</strong></span> <span class='ocrx_word' id='word_1_188' title='bbox 188 3033 269 3077; x_wconf 89' lang='lat' dir='ltr'><strong>mors</strong></span> <span class='ocrx_word' id='word_1_189' title='bbox 290 3014 415 3095; x_wconf 92' lang='lat' dir='ltr'><strong>pudoris</strong></span> <span class='ocrx_word' id='word_1_190' title='bbox 437 3013 596 3076; x_wconf 84' lang='lat' dir='ltr'><strong>maximum</strong></span> <span class='ocrx_word' id='word_1_191' title='bbox 618 3012 688 3076; x_wconf 85' lang='lat' dir='ltr'><strong>laesi</strong></span> <span class='ocrx_word' id='word_1_192' title='bbox 709 3012 811 3088; x_wconf 88' lang='lat' dir='ltr'><strong>decus,</strong></span> 
     </span>
     <span class='ocr_line' id='line_1_34' title="bbox 149 3097 848 3180; baseline -0.007 -18"><span class='ocrx_word' id='word_1_193' title='bbox 149 3100 338 3180; x_wconf 80' lang='lat' dir='ltr'><strong>contugimus</strong></span> <span class='ocrx_word' id='word_1_194' title='bbox 360 3098 396 3160; x_wconf 86' lang='lat' dir='ltr'><strong>ad</strong></span> <span class='ocrx_word' id='word_1_195' title='bbox 417 3105 461 3161; x_wconf 82' lang='lat' dir='ltr'><strong>te:</strong></span> <span class='ocrx_word' id='word_1_196' title='bbox 485 3099 581 3178; x_wconf 89' lang='lat' dir='ltr'><strong>pande</strong></span> <span class='ocrx_word' id='word_1_197' title='bbox 603 3099 733 3178; x_wconf 88' lang='lat' dir='ltr'><strong>placatos</strong></span> <span class='ocrx_word' id='word_1_198' title='bbox 754 3097 848 3159; x_wconf 91' lang='lat' dir='ltr'><strong>sinus.</strong></span> 
     </span>
    </p>

    <p class='ocr_par' dir='ltr' id='par_1_5' title="bbox 148 3183 1223 3604">
     <span class='ocr_line' id='line_1_35' title="bbox 233 3183 879 3262; baseline -0.005 -16"><span class='ocrx_word' id='word_1_199' title='bbox 233 3184 347 3255; x_wconf 77' lang='lat' dir='ltr'><strong>Audite,</strong></span> <span class='ocrx_word' id='word_1_200' title='bbox 370 3183 511 3258; x_wconf 77' lang='lat' dir='ltr'><strong>Athenae,</strong></span> <span class='ocrx_word' id='word_1_201' title='bbox 533 3190 635 3262; x_wconf 88' lang='lat' dir='ltr'><strong>tuque,</strong></span> <span class='ocrx_word' id='word_1_202' title='bbox 658 3183 774 3245; x_wconf 80' lang='lat' dir='ltr'><strong>funesta</strong></span> <span class='ocrx_word' id='word_1_203' title='bbox 796 3192 879 3261; x_wconf 82' lang='lat' dir='ltr'><strong>peter</strong></span> 
     </span>
     <span class='ocr_line' id='line_1_36' title="bbox 149 3266 834 3351; baseline -0.006 -19"><span class='ocrx_word' id='word_1_204' title='bbox 149 3271 234 3351; x_wconf 89' lang='lat' dir='ltr'><strong>qeior</strong></span> <span class='ocrx_word' id='word_1_205' title='bbox 256 3285 395 3332; x_wconf 82' lang='lat' dir='ltr'><strong>noverca:</strong></span> <span class='ocrx_word' id='word_1_206' title='bbox 419 3267 490 3331; x_wconf 87' lang='lat' dir='ltr'><strong>laisa</strong></span> <span class='ocrx_word' id='word_1_207' title='bbox 511 3266 669 3330; x_wconf 83' lang='lat' dir='ltr'><strong>memorari</strong></span> <span class='ocrx_word' id='word_1_208' title='bbox 692 3275 721 3328; x_wconf 90' lang='lat' dir='ltr'><strong>et</strong></span> <span class='ocrx_word' id='word_1_209' title='bbox 742 3268 834 3340; x_wconf 89' lang='lat' dir='ltr'><strong>uelas,</strong></span> 
     </span>
     <span class='ocr_line' id='line_1_37' title="bbox 148 3353 915 3436; baseline -0.007 -18"><span class='ocrx_word' id='word_1_210' title='bbox 148 3355 230 3436; x_wconf 92' lang='lat' dir='ltr'><strong>puod</strong></span> <span class='ocrx_word' id='word_1_211' title='bbox 252 3355 315 3435; x_wconf 93' lang='lat' dir='ltr'><strong>ipsa</strong></span> <span class='ocrx_word' id='word_1_212' title='bbox 338 3353 459 3414; x_wconf 89' lang='lat' dir='ltr'><strong>demens</strong></span> <span class='ocrx_word' id='word_1_213' title='bbox 481 3361 601 3433; x_wconf 89' lang='lat' dir='ltr'><strong>pectore</strong></span> <span class='ocrx_word' id='word_1_214' title='bbox 623 3353 727 3415; x_wconf 88' lang='lat' dir='ltr'><strong>iusano</strong></span> <span class='ocrx_word' id='word_1_215' title='bbox 750 3353 915 3426; x_wconf 90' lang='lat' dir='ltr'><strong>hauseram,</strong></span> 
     </span>
     <span class='ocr_line' id='line_1_38' title="bbox 148 3437 738 3518; baseline -0.008 -16"><span class='ocrx_word' id='word_1_216' title='bbox 148 3439 269 3503; x_wconf 85' lang='lat' dir='ltr'><strong>mentita</strong></span> <span class='ocrx_word' id='word_1_217' title='bbox 289 3438 371 3500; x_wconf 84' lang='lat' dir='ltr'><strong>fluxi.</strong></span> <span class='ocrx_word' id='word_1_218' title='bbox 414 3454 487 3500; x_wconf 85' lang='lat' dir='ltr'><strong>rana</strong></span> <span class='ocrx_word' id='word_1_219' title='bbox 509 3437 623 3518; x_wconf 87' lang='lat' dir='ltr'><strong>punisti</strong></span> <span class='ocrx_word' id='word_1_220' title='bbox 645 3446 738 3517; x_wconf 89' lang='lat' dir='ltr'><strong>pater,</strong></span> 
     </span>
     <span class='ocr_line' id='line_1_39' title="bbox 148 3521 1223 3604; baseline -0.003 -18"><span class='ocrx_word' id='word_1_221' title='bbox 148 3525 322 3604; x_wconf 87' lang='lat' dir='ltr'><strong>iuvenisque</strong></span> <span class='ocrx_word' id='word_1_222' title='bbox 344 3529 442 3585; x_wconf 88' lang='lat' dir='ltr'><strong>castus</strong></span> <span class='ocrx_word' id='word_1_223' title='bbox 464 3522 587 3584; x_wconf 85' lang='lat' dir='ltr'><strong>erimine</strong></span> <span class='ocrx_word' id='word_1_224' title='bbox 609 3521 722 3585; x_wconf 87' lang='lat' dir='ltr'><strong>incesto</strong></span> <span class='ocrx_word' id='word_1_225' title='bbox 745 3521 829 3595; x_wconf 91' lang='lat' dir='ltr'><strong>iacet,</strong></span> <span class='ocrx_word' id='word_1_226' title='bbox 1162 3531 1223 3583; x_wconf 78' lang='lat' dir='ltr'><strong>ntes</strong></span> 
     </span>
    </p>
   </div>
   <div class='ocr_carea' id='block_1_4' title="bbox 148 3669 1224 4012">
    <p class='ocr_par' dir='ltr' id='par_1_6' title="bbox 148 3669 1224 4012">
     <span class='ocr_line' id='line_1_40' title="bbox 237 3669 1222 3739; baseline -0.001 -14"><span class='ocrx_word' id='word_1_227' title='bbox 237 3675 301 3727; x_wconf 81' lang='grc'>1114</span> <span class='ocrx_word' id='word_1_228' title='bbox 318 3672 371 3725; x_wconf 86' lang='lat' dir='ltr'><strong>dire</strong></span> <span class='ocrx_word' id='word_1_229' title='bbox 388 3676 415 3739; x_wconf 89' lang='grc' dir='ltr'><strong>ς.</strong></span> <span class='ocrx_word' id='word_1_230' title='bbox 437 3700 472 3712; x_wconf 92' lang='grc'>-</span> <span class='ocrx_word' id='word_1_231' title='bbox 495 3685 633 3739; x_wconf 88' lang='lat' dir='ltr'><strong>numquam</strong></span> <span class='ocrx_word' id='word_1_232' title='bbox 657 3671 708 3724; x_wconf 85' lang='lat' dir='ltr'><strong>tuis</strong></span> <span class='ocrx_word' id='word_1_233' title='bbox 725 3672 750 3722; x_wconf 89' lang='lat' dir='ltr'><em>A</em></span> <span class='ocrx_word' id='word_1_234' title='bbox 804 3672 869 3724; x_wconf 83' lang='grc'>1168</span> <span class='ocrx_word' id='word_1_235' title='bbox 888 3669 931 3737; x_wconf 92' lang='lat' dir='ltr'><strong>qui</strong></span> <span class='ocrx_word' id='word_1_236' title='bbox 949 3669 982 3722; x_wconf 79' lang='grc' dir='ltr'><strong>Ε.</strong></span> <span class='ocrx_word' id='word_1_237' title='bbox 1005 3699 1039 3709; x_wconf 94' lang='grc'>-</span> <span class='ocrx_word' id='word_1_238' title='bbox 1060 3669 1124 3724; x_wconf 85' lang='lat' dir='ltr'><strong>ciuis</strong></span> <span class='ocrx_word' id='word_1_239' title='bbox 1141 3671 1222 3724; x_wconf 84' lang='lat' dir='ltr'><strong>codd.</strong></span> 
     </span>
     <span class='ocr_line' id='line_1_41' title="bbox 149 3737 1224 3805; baseline 0.001 -13"><span class='ocrx_word' id='word_1_240' title='bbox 149 3743 269 3792; x_wconf 70' lang='lat' dir='ltr'><strong>conscit</strong></span> <span class='ocrx_word' id='word_1_241' title='bbox 281 3739 432 3792; x_wconf 75' lang='lat' dir='ltr'><strong>Gronovius</strong></span> <span class='ocrx_word' id='word_1_242' title='bbox 446 3738 541 3804; x_wconf 85' lang='lat' dir='ltr'><strong>(Saluis</strong></span> <span class='ocrx_word' id='word_1_243' title='bbox 555 3740 689 3791; x_wconf 72' lang='lat' dir='ltr'><strong>Acontius</strong></span> <span class='ocrx_word' id='word_1_244' title='bbox 705 3741 814 3805; x_wconf 76' lang='lat' dir='ltr'><strong>er‘rqq.)</strong></span> <span class='ocrx_word' id='word_1_245' title='bbox 867 3741 933 3792; x_wconf 80' lang='lat' dir='ltr'><strong>otro</strong></span> <span class='ocrx_word' id='word_1_246' title='bbox 950 3738 1000 3790; x_wconf 89' lang='lat' dir='ltr'><strong>hoc</strong></span> <span class='ocrx_word' id='word_1_247' title='bbox 1016 3737 1041 3789; x_wconf 77' lang='lat' dir='ltr'><em>E</em></span> <span class='ocrx_word' id='word_1_248' title='bbox 1112 3741 1178 3794; x_wconf 80' lang='grc'>1178</span> <span class='ocrx_word' id='word_1_249' title='bbox 1196 3753 1224 3793; x_wconf 79' lang='lat' dir='ltr'><strong>u.</strong></span> 
     </span>
     <span class='ocr_line' id='line_1_42' title="bbox 148 3805 1223 3870; baseline -0.003 -8"><span class='ocrx_word' id='word_1_250' title='bbox 148 3812 243 3862; x_wconf 86' lang='lat' dir='ltr'><strong>memet</strong></span> <span class='ocrx_word' id='word_1_251' title='bbox 277 3809 354 3861; x_wconf 81' lang='lat' dir='ltr'><strong>ariter</strong></span> <span class='ocrx_word' id='word_1_252' title='bbox 370 3809 396 3859; x_wconf 98' lang='lat' dir='ltr'><em>A</em></span> <span class='ocrx_word' id='word_1_253' title='bbox 448 3810 513 3862; x_wconf 82' lang='grc'>1181</span> <span class='ocrx_word' id='word_1_254' title='bbox 531 3807 704 3870; x_wconf 62' lang='lat' dir='ltr'><strong>abscissam&amp;</strong></span> <span class='ocrx_word' id='word_1_255' title='bbox 757 3808 823 3860; x_wconf 82' lang='grc'>1181</span> <span class='ocrx_word' id='word_1_256' title='bbox 840 3812 923 3858; x_wconf 80' lang='lat' dir='ltr'><strong>rustes</strong></span> <span class='ocrx_word' id='word_1_257' title='bbox 940 3806 996 3858; x_wconf 84' lang='lat' dir='ltr'><strong>viro</strong></span> <span class='ocrx_word' id='word_1_258' title='bbox 1013 3805 1038 3857; x_wconf 78' lang='lat' dir='ltr'><strong>ll</strong></span> <span class='ocrx_word' id='word_1_259' title='bbox 1092 3808 1159 3861; x_wconf 85' lang='lat' dir='ltr'><strong>ttso</strong></span> <span class='ocrx_word' id='word_1_260' title='bbox 1173 3807 1223 3859; x_wconf 86' lang='lat' dir='ltr'><strong>irn-</strong></span> 
     </span>
     <span class='ocr_line' id='line_1_43' title="bbox 148 3821 1224 3944; baseline -0.001 -15"><span class='ocrx_word' id='word_1_261' title='bbox 148 3821 281 3944; x_wconf 59' lang='grc' dir='ltr'>11111εὲ</span> <span class='ocrx_word' id='word_1_262' title='bbox 357 3877 422 3930; x_wconf 90' lang='grc'>1188</span> <span class='ocrx_word' id='word_1_263' title='bbox 439 3877 552 3930; x_wconf 77' lang='lat' dir='ltr'><strong>solamen</strong></span> <span class='ocrx_word' id='word_1_264' title='bbox 577 3878 603 3940; x_wconf 89' lang='grc' dir='ltr'><strong>ς.</strong></span> <span class='ocrx_word' id='word_1_265' title='bbox 629 3903 664 3914; x_wconf 93' lang='lat'><strong>—-</strong></span> <span class='ocrx_word' id='word_1_266' title='bbox 687 3887 737 3926; x_wconf 77' lang='lat' dir='ltr'><strong>ouo</strong></span> <span class='ocrx_word' id='word_1_267' title='bbox 760 3873 815 3926; x_wconf 86' lang='lat' dir='ltr'><strong>sed.</strong></span> <span class='ocrx_word' id='word_1_268' title='bbox 837 3888 870 3927; x_wconf 94' lang='lat' dir='ltr'><strong>m.</strong></span> <span class='ocrx_word' id='word_1_269' title='bbox 891 3872 897 3942; x_wconf 92' lang='grc' dir='ltr'>Ι</span> <span class='ocrx_word' id='word_1_270' title='bbox 917 3887 932 3926; x_wconf 86' lang='lat' dir='ltr'><strong>o</strong></span> <span class='ocrx_word' id='word_1_271' title='bbox 955 3886 1024 3927; x_wconf 82' lang='lat' dir='ltr'><strong>mors</strong></span> <span class='ocrx_word' id='word_1_272' title='bbox 1047 3873 1107 3942; x_wconf 84' lang='lat' dir='ltr'><strong>pud.</strong></span> <span class='ocrx_word' id='word_1_273' title='bbox 1132 3880 1224 3942; x_wconf 65' lang='lat' dir='ltr'><strong>mg</strong></span> 
     </span>
     <span class='ocr_line' id='line_1_44' title="bbox 151 3942 761 4012; baseline -0.008 -14"><span class='ocrx_word' id='word_1_274' title='bbox 151 3943 298 3999; x_wconf 72' lang='grc'>1181111111</span> <span class='ocrx_word' id='word_1_275' title='bbox 315 3942 411 4012; x_wconf 83' lang='lat' dir='ltr'><strong>punisti</strong></span> <span class='ocrx_word' id='word_1_276' title='bbox 428 3943 454 3995; x_wconf 89' lang='lat' dir='ltr'><em>A</em></span> <span class='ocrx_word' id='word_1_277' title='bbox 523 3945 588 3998; x_wconf 80' lang='lat' dir='ltr'><strong>rtsu</strong></span> <span class='ocrx_word' id='word_1_278' title='bbox 606 3943 718 3995; x_wconf 77' lang='lat' dir='ltr'><strong>incestae</strong></span> <span class='ocrx_word' id='word_1_279' title='bbox 737 3943 761 3993; x_wconf 95' lang='lat' dir='ltr'><em>A</em></span> 
     </span>
    </p>
   </div>
   <div class='ocr_carea' id='block_1_5' title="bbox 0 0 1298 4366">
    <p class='ocr_par' dir='ltr' id='par_1_7' title="bbox 0 0 1298 4366">
     <span class='ocr_line' id='line_1_45' title="bbox 0 0 1298 4366; baseline 0 0"><span class='ocrx_word' id='word_1_280' title='bbox 0 0 1298 4366; x_wconf 95' lang='lat' dir='ltr'><strong> </strong></span> 
     </span>
    </p>
   </div>
  </div>
 </body>
</html>
