2580 4366
476 219 513 260 DE
535 217 663 260 flsncvtn
686 215 809 258 OETdEO.

310 373 425 431 utinam
447 378 515 430 essct
537 372 651 430 utinam
672 368 751 447 fisus
772 371 804 428 in
826 365 959 428 thalamis
980 371 1051 429 mais

309 453 466 515 Herculeos
487 458 571 515 ensis.
615 453 681 514 hiric
704 454 776 514 dmet
797 452 878 530 ferro
902 454 1018 511 inmari.

105 559 217 620 ferrum
246 555 303 617 iam
331 555 377 615 his
405 554 461 615 sibi
490 554 617 633 elegerat
644 553 749 632 bisque
779 552 958 632 improbaret
982 554 1067 629 (845.
1097 554 1177 629 858).

106 659 188 703 nunc
211 639 346 703 Herculis
368 639 554 718 potissimum
577 658 648 700 ense
670 638 726 699 sibi
749 639 933 717 pereundum
950 645 1043 717 putat.
1071 645 1101 700 at
1114 639 1177 717 quis

105 737 259 807 poetarum
282 734 350 804 post
373 724 548 786 Pisandrum
572 733 601 785 ct
622 723 824 784 Stesichorum
846 724 881 785 de
897 722 1035 784 Herculis
1049 742 1122 785 ense
1136 723 1178 783 lo-

106 820 192 873 cutus
215 807 280 871 est‘l
303 809 423 870 minime
439 809 601 890 Sophocles
624 827 691 869 cum
707 807 872 870 Deianiram
895 810 975 869 lerro
998 809 1075 869 mori
1096 809 1177 870 iaciat

107 904 136 958 et
154 896 185 956 in
202 895 326 956 thalamo
342 894 461 973 quidem
477 893 622 973 coniugis.
652 901 738 973 poeta
754 892 905 956 Romanus
920 913 935 953 a
948 891 1076 971 Vergilio
1092 912 1177 954 excu-

105 980 247 1042 sationem
270 988 400 1060 paratam
423 979 562 1053 habebam
586 997 654 1040 narn
677 997 731 1038 cur
746 978 881 1039 Deianira
897 980 962 1039 eius
982 985 1014 1038 ut
1029 977 1177 1039 Althaeam

106 1074 136 1126 et
157 1065 368 1126 Phaethontem
393 1083 453 1124 non
476 1064 620 1124 Didonem
636 1081 756 1142 quoque
772 1063 938 1142 exemplum
953 1060 1073 1124 sumat?
1096 1063 1177 1125 cuius

106 1150 149 1210 sic
171 1149 345 1211 meminerat
366 1149 516 1227 loquentis
541 1148 599 1226 (lv,
623 1149 713 1224 494);

309 1263 342 1313 tar
362 1262 467 1311 secreta
485 1269 590 1330 pyram
612 1260 680 1311 tecto
703 1253 839 1310 interiore
861 1249 912 1310 sub
938 1268 1027 1311 curas

309 1340 384 1414 criqe
405 1346 432 1396 et
453 1353 537 1396 armo
558 1338 618 1396 viri
638 1334 760 1396 thalamo
784 1353 855 1414 quae
876 1335 939 1414 simo
961 1335 1079 1415 reliquit

310 1423 416 1500 impius
437 1424 611 1500 aeneolosque
633 1423 726 1481 omnis
748 1453 789 1463 -

310 1538 352 1548 —-
375 1523 462 1583 super
482 1507 655 1584 impendel)

107 1607 210 1668 mortis
234 1606 391 1668 consilium
413 1605 459 1666 his
481 1606 577 1666 verbis
600 1607 754 1667 confirmat
777 1605 876 1682 (922):

310 1709 425 1787 [nestra
447 1717 559 1768 tenetur
581 1706 628 1767 ille
650 1712 700 1787 qui
719 1711 820 1768 statuit
841 1710 932 1768 mori.-

305 1793 427 1872 proinde
450 1791 539 1853 lorcam
560 1793 661 1870 seqare
682 1793 823 1853 decretum
845 1803 885 1853 est
905 1791 985 1852 mihi.

107 1894 223 1956 debuit:
246 1893 372 1972 proinde
396 1895 503 1953 frustra
525 1912 572 1953 me
595 1893 711 1954 tenetis,
742 1892 829 1953 dixit:
857 1893 965 1953 trustra
987 1903 1108 1954 tenetur
1129 1893 1177 1972 qui

106 1979 180 2040 mori
204 1978 341 2054 decrevit,
365 1977 490 2057 proinde
507 1978 581 2038 mori
597 1977 727 2052 decrevi;
750 1977 860 2039 frustra
876 1986 995 2038 tenetur
1011 1979 1063 2056 qni
1079 1979 1177 2040 statuit

106 2063 191 2140 mori,
214 2063 338 2142 proinde
360 2063 435 2124 mori
458 2063 556 2123 statui.
597 2063 649 2142 qni
671 2062 814 2123 Senecam
836 2061 908 2141 legit
929 2062 996 2124 talia
1018 2062 1101 2125 illum
1118 2082 1176 2125 non

107 2148 289 2210 committere
310 2148 388 2208 lraud
412 2147 538 2226 ignorat.

189 2233 281 2313 pudet
303 2231 459 2292 Herculem
482 2232 667 2293 lacrimarum
690 2234 811 2307 (1268):

542 2338 606 2414 quis
627 2335 686 2395 dies
706 2335 809 2411 lictum
831 2330 972 2409 Horatiis,

309 2436 379 2497 quaa
401 2429 479 2479 terro
500 2415 593 2480 vidit?
615 2422 703 2480 siccus
725 2435 879 2479 armannus
901 2417 965 2477 tuli.

308 2502 362 2564 tibi
382 2502 414 2574 (i.
431 2523 455 2563 c.
478 2504 553 2581 pesti
576 2521 633 2581 qua
656 2502 853 2575 consumitur)
876 2501 928 2562 illa
949 2504 1043 2565 virtus
1066 2522 1135 2584 qaue

708 2614 749 2666 tot
770 2604 843 2665 elisit
864 2603 951 2675 mola,

309 2689 363 2750 tibi
383 2693 462 2750 cessit
483 2692 544 2750 troi.
586 2694 732 2768 primast
754 2701 818 2751 onte
840 2707 936 2751 omnes
958 2685 1032 2750 mihi

309 2775 412 2851 lictum
433 2773 584 2834 atstottstt.
630 2775 730 2836 durior
751 2793 822 2835 suno
844 2773 960 2835 horrido

309 2869 334 2919 et
357 2858 469 2938 chaipha
490 2858 587 2919 vultus
609 2869 636 2921 et
656 2879 729 2938 naqa
752 2858 936 2939 Symplechc

309 2947 397 3004 rictus
418 2963 495 3006 meos
516 2944 636 3022 ittfreqit
657 2955 683 3005 et
705 2943 853 3005 lacrimam
875 2942 995 3024 repulit.

105 3060 192 3104 suum
215 3041 327 3104 scilicet
341 3043 453 3106 vultum
469 3044 604 3124 superari
620 3064 681 3105 non
697 3047 830 3125 potuisse
847 3045 904 3106 nisi
920 3044 976 3105 alio
992 3041 1075 3105 vultu
1092 3042 1177 3104 etiam

105 3127 224 3188 duriore
253 3127 373 3208 putidus
391 3148 502 3207 sensus
532 3140 592 3204 est;
622 3148 681 3209 quo
706 3141 888 3210 quantopere
910 3128 1033 3209 ineptiat
1055 3128 1132 3189 scies
1153 3127 1177 3189 si

103 3213 327 3292 praecedentem
350 3216 496 3275 sermonis
519 3224 632 3293 partem
654 3216 826 3295 perlegeris.
869 3232 976 3294 nempe
998 3212 1107 3274 iterum
1124 3212 1177 3274 ite*

104 3316 230 3376 rumque
260 3307 383 3378 questus
412 3307 456 3361 est
483 3300 562 3378 quod
591 3310 704 3378 pestem
735 3320 810 3380 quac
838 3301 893 3361 bna
922 3297 1058 3360 medullis
1092 3299 1177 3360 lateat

105 3399 273 3462 corpusque
304 3384 384 3446 intus
408 3384 606 3464 depopuletur
627 3384 725 3446 videre
747 3393 876 3464 nequeat
895 3385 1083 3462 multumque
1105 3383 1177 3444 divi·

104 3465 182 3526 narit
204 3485 367 3546 serpensne
390 3472 428 3530 sit
449 3488 487 3530 an
507 3470 614 3530 malum
630 3469 749 3549 aliquod
765 3479 794 3531 et
809 3468 928 3531 Herculi
944 3469 1089 3548 ignotum.
1120 3467 1177 3530 iam

105 3548 170 3611 eius
191 3550 274 3612 orcha
296 3553 387 3614 rictus
410 3572 480 3615 suos
503 3555 643 3617 infractos
665 3574 730 3616 esse
753 3555 878 3617 nuntiat.

190 3800 211 3864 ⁴)
229 3815 281 3866 quo
293 3799 369 3854 Silius
388 3819 489 3870 quoque
507 3807 609 3872 respicit
627 3805 725 3868 etVlll,
744 3809 776 3857 52
789 3804 860 3870 (ibid.
872 3806 919 3856 148
937 3803 994 3856 loco
1013 3803 1177 3870 interpolato)

104 3868 165 3931 etl,
182 3871 214 3921 93
233 3873 296 3919 anta
312 3871 391 3933 podes
410 3876 479 3922 ansis
497 3875 632 3940 Phrygias
650 3876 727 3925 iacet.
763 3873 875 3925 Senecae
893 3871 950 3923 loco
968 3871 1019 3922 iam
1036 3871 1177 3924 Farnobius

104 3935 242 4004 Vergilium
261 3935 383 3989 adhibuit.
