2602 4380
183 238 242 296 174
418 213 424 228 ⁸
504 252 543 294 ns
564 240 778 293 exsurnnnrnvs
800 249 928 292 consors.

178 404 257 464 inter
279 421 311 462 se
334 402 489 463 discedunt
511 409 599 480 atque
622 401 724 462 eodem
748 400 865 479 quidem
892 399 1061 460 discrimine
1084 417 1145 478 quo
1169 398 1255 462 Euri-

178 489 256 567 pidis
279 487 409 566 priorem
432 486 468 546 ah
491 486 579 547 altera
594 485 754 565 llippolyto
778 486 918 545 diversam
937 485 1029 547 luisse
1048 484 1256 566 Aristophanis

179 572 310 652 Byzantii
341 571 511 632 testimonio
540 572 714 644 edocemur3
743 570 882 630 nimirum
911 569 941 629 in
969 576 1079 631 serrata
1103 568 1253 650 Euripidis

178 657 275 718 sabula
298 655 428 717 Phaedra
458 655 542 734 quasi
567 655 656 716 invita
680 666 709 715 et
714 654 850 800 ,inducta
872 672 887 714 a
911 655 1027 716 nutrice
1025 654 1217 754 cupidini
1210 672 1253 715 rn-

180 742 304 819 dulgens
329 739 405 823 σιγᾷ
426 736 497 819 μὲν,
520 736 620 817 εχθα
620 736 713 820 ρει
714 734 917 836 &dedicent
931 759 967 820 yn
987 734 1063 823 μήτ,
1089 747 1194 801 contra
1209 738 1255 800 hro

179 828 258 886 ultro
281 843 409 885 amorem
432 826 589 904 profitetur
611 833 640 885 et
661 825 792 885 durum'
785 823 898 885 iuvenis
914 832 1019 902 pectus
1035 823 1200 903 precibus
1192 842 1254 903 ipsa

181 910 299 972 domare
321 918 421 971 tentat.
468 908 548 988 atqui
571 909 760 989 Sophoclem,
784 908 869 969 cuius
891 907 1052 971 Phaedram
1076 927 1138 970 non
1162 909 1253 988 magis

179 998 324 1073 refingere
352 1012 511 1074 possumus
539 1013 626 1071 quam
656 994 812 1072 plerasque
842 993 906 1053 eius
935 993 1100 1071 tragoedias
1123 1028 1164 1039 —
1188 1012 1253 1057 nam

181 1081 258 1159 quod
283 1079 470 1158 Asclepiades
493 1078 522 1138 in
547 1079 658 1139 scholio
683 1076 701 1138 λ
724 1079 782 1140 321
802 1086 901 1138 narrat
916 1097 955 1138 ne
969 1098 985 1140 a
1001 1079 1173 1140 coronilero
1188 1078 1254 1158 qui·

180 1167 245 1225 dem
269 1163 428 1243 Hippolyto
452 1172 509 1223 tam
532 1163 661 1223 alienum
684 1170 783 1223 estut
805 1181 865 1224 non
890 1182 925 1223 ex
954 1163 1002 1224 illa
1024 1164 1120 1242 possit
1142 1164 1173 1224 in
1196 1173 1254 1225 tra·

181 1251 356 1329 godumenis
385 1248 509 1308 relatum
540 1266 604 1308 csse
631 1280 687 1322 -,
719 1265 779 1308 non
809 1255 865 1308 tarn
896 1258 1061 1326 protervam
1090 1248 1255 1311 Phaedram

179 1334 372 1414 proposuisse
396 1340 508 1393 certum
530 1332 654 1393 videtur.
691 1332 796 1392 merito
812 1332 902 1410 igitur
917 1332 1145 1394 Valckenaerius
1161 1334 1254 1396 Sene·

180 1437 242 1480 cam
267 1417 395 1479 coniecit
415 1417 450 1477 ad
467 1417 658 1497 Hippolytum
674 1417 800 1477 velatum
812 1417 844 1477 in
859 1416 991 1479 Phaedra
1006 1436 1040 1479 se
1052 1418 1255 1495 adstrinxisse,

181 1523 267 1582 quam
297 1503 496 1564 coniecturam
526 1501 557 1561 in
587 1502 804 1563 commentariis
832 1503 941 1581 passim
971 1502 1098 1582 probare
1132 1503 1253 1565 studuit.

180 1588 288 1668 quihus
311 1587 435 1647 certiora
457 1586 525 1647 sciri
548 1605 637 1665 posse
659 1587 787 1666 primum
817 1605 878 1647 uno
903 1588 1037 1667 exemplo
1060 1595 1130 1649 ante
1152 1588 1255 1650 oculos

200 1690 296 1734 onam.

178 1693 199 1753 p
266 1757 387 1818 Ovidius
417 1756 446 1815 in
476 1773 609 1815 amorum
638 1756 776 1817 remediis
800 1756 873 1816 haec
895 1755 1029 1835 scripsit,
1060 1766 1093 1818 ut
1114 1756 1256 1837 fugienda

180 1862 244 1904 esse
267 1841 375 1921 quihus
397 1858 480 1900 amor
502 1840 538 1900 ali
562 1847 663 1919 posset
685 1841 869 1919 praeciperet
890 1844 927 1916 (v.
951 1842 1051 1918 743):‚

379 1927 482 2004 perdet
504 1943 568 2004 opes
591 1924 738 1986 Phaedro:
757 1943 866 2005 porcas,
890 1926 1031 2006 Neptune,
1054 1932 1153 2007 nepon

382 2029 432 2070 nec
453 2010 539 2088 societ
557 2011 677 2088 pavidos
699 2021 802 2072 τουτου
823 2013 918 2072 uolens
939 2029 1032 2090 οριιοι.

180 2095 288 2175 quihus
311 2094 516 2173 dittograplria,
539 2102 572 2154 ut
595 2094 665 2155 vidit
686 2094 856 2170 Muellerus,
882 2095 1013 2156 subiecta
1036 2103 1098 2155 est:

386 2178 509 2240 Gnosida
530 2179 641 2256 fecisses
663 2185 793 2259 inopem:
819 2184 964 2259 sapienter
984 2191 1125 2253 amassem

384 2264 492 2324 divitiis
513 2263 604 2324 cliton
625 2263 795 2325 larnnrr'osns
816 2282 909 2325 emor.
923 2266 961 2339 ¹⁶)

177 2349 225 2407 rix
247 2347 417 2408 memineris
439 2348 469 2407 in
493 2348 588 2407 causis
610 2348 718 2409 amoris
732 2348 881 2409 Phaedrae
895 2349 1018 2410 nimiam
1034 2348 1150 2410 vivendi
1167 2349 1253 2411 luru-

178 2434 250 2494 riam
273 2450 396 2510 usquam
412 2432 578 2492 memorari.
610 2440 638 2493 at
660 2441 739 2494 certe
761 2452 822 2494 non
838 2441 954 2512 poterat
942 2432 1091 2494 tOridius
1106 2434 1180 2495 illud
1194 2444 1253 2496 tam

179 2517 259 2578 nude
287 2518 421 2596 prolerre
450 2517 506 2576 nisi
535 2517 625 2577 sciret
652 2518 733 2578 audit
721 2524 802 2579 tores
829 2518 925 2579 statim
954 2517 1163 2579 recordaturos
1190 2538 1254 2580 esse

179 2609 281 2662 notum
304 2601 401 2661 locum
425 2619 484 2680 quo
507 2600 559 2660 id
551 2619 648 2680 ipsum
665 2603 701 2662 de
716 2601 848 2663 Phaedra
863 2601 1028 2681 expositum
1045 2611 1133 2665 esset.
1164 2622 1253 2684 quem

177 2678 299 2747 luisse
291 2706 322 2747 rn
344 2685 503 2788 Hippolyto
526 2686 620 2746 velato
643 2686 774 2748 indicare
795 2687 894 2748 rident
882 2693 931 2747 tur
953 2687 1009 2766 lrg.
1033 2690 1097 2750 440

385 2764 451 2848 ὁρῶ
475 2767 512 2833 δὲ
533 2772 604 2844 τοῖς
626 2769 804 2834 πολλοῖσιν
827 2766 1026 2874 ἀνθρώποις
1049 2767 1113 2851 ἐγὼ

381 2858 556 2956 τίκτουσαν
579 2848 674 2936 α’βριν
695 2850 753 2939 τήν
776 2849 922 2937 πάροιθ’
947 2852 1130 2936 ουπραξίαυ

179 2933 250 3022 (την
272 2932 409 3042 περίσσ’
435 2933 616 3045 εὐπραξίαν
637 2940 796 3019 Bergkius)
817 2951 846 3003 et
867 2941 924 3042 lrg.
947 2944 1008 3004 441

382 3018 476 3126 ὕβριν
498 3047 534 3088 τε
556 3019 657 3088 τίκτει
680 3024 826 3099 πλοῦτος
849 3017 886 3087 οὗ
910 3019 1018 3110 φειδώ
1039 3027 1116 3107 βίου

178 3110 234 3183 (sic
255 3108 366 3169 Nauck
370 3100 481 3193 ,ἢᾳι
504 3110 621 3170 Stobaei
638 3111 745 3184 codd).
782 3129 892 3170 scimus
908 3110 1027 3188 quidem
1038 3110 1271 3206 antrqursormo=

178 3195 356 3256 Graecorum
379 3194 535 3274 proverbio
552 3190 661 3297 Κόρου
674 3205 703 3255 et
717 3188 835 3276 α’βριυ’
828 3195 953 3256 invicem
969 3214 1001 3256 se
1016 3195 1155 3274 gignere.
1179 3197 1253 3258 haec

175 3281 258 3340 illurn
281 3278 366 3340 Pind
390 3278 437 3340 Ol.
462 3279 516 3350 13,
543 3272 708 3361 ιοὛοριτ
731 3277 843 3358 Κόρου
866 3282 992 3360 ματέρα
1013 3277 1252 3361 θρασυμυθον,

177 3365 296 3425 oraculo
319 3365 396 3443 apud
419 3364 529 3425 llerod.
547 3364 622 3440 Vlll,
645 3367 683 3428 77
709 3360 818 3444 Κόρου
833 3358 967 3444 Ὕβριος
989 3361 1077 3440 υἱόν,
1101 3365 1180 3428 hanc
1201 3366 1252 3428 illo

175 3449 309 3528 Theogn.
335 3451 393 3512 153
417 3458 446 3510 et
468 3449 529 3509 Sol.
551 3449 607 3524 lrg.
631 3451 650 3513 8

380 3537 482 3597 τίκτει
504 3554 558 3596 τοι
580 3530 685 3639 κόρος
698 3526 832 3634 sideest
813 3555 892 3634 οταν
907 3554 994 3637 noum
979 3528 1146 3637 ”ὅλβρς“
1127 3555 1252 3619 emptor

381 3612 555 3701 ἀνθρώπῳ
583 3640 636 3680 και
666 3611 732 3723 ὅτι)
759 3615 805 3702 μὴ
829 3616 905 3693 νόος
912 3613 1082 3720 ἄρτιοςῇ

177 3702 348 3763 cl..Nauck
364 3705 401 3764 ad
423 3705 515 3783 Soph.
532 3703 582 3766 ott
607 3705 668 3768 873
690 3679 796 3785 (υβρις
819 3699 952 3786 φυτεύει
974 3700 1180 3787 τύμρανυοο)
1177 3705 1252 3767 sed

263 3902 295 3968 ¹⁶)
312 3902 417 3955 Ovidius
439 3906 537 3958 etiamsi
562 3906 600 3958 his
616 3905 684 3957 idern
702 3905 822 3970 dixisset,
840 3905 985 3973 scripsisset
1005 3904 1053 3958 Gn.
1071 3904 1214 3969 sociaci,
1231 3921 1254 3958 ι.

176 3973 291 4036 οαιαὸίις
313 3988 360 4025 nec
379 3972 547 4025 teneriorem
567 3989 676 4026 amorem
695 3974 797 4024 dtettiie
814 3973 847 4024 ali
865 3973 979 4025 dixisset
