2580 4366
458 185 496 229 nu
516 186 732 231 nxnunnarunvs
753 188 881 233 cennens.
989 152 993 159 ’
1146 176 1206 240 177

335 335 387 399 dor
408 356 516 417 quoque
536 338 629 417 fatale
651 350 707 401 cst.-
731 339 843 420 placuit
864 342 964 404 demur
984 363 1045 406 una
1066 344 1184 416 duodus,

335 440 381 483 mc
402 433 453 484 tua
474 422 573 500 [orma
595 429 678 504 rapit,
701 436 782 504 captu
801 438 920 505 parente
942 445 1033 490 error.

123 505 241 568 Phaed.
264 508 325 572 665

336 593 436 655 domus
457 610 569 655 sorores
589 611 650 656 uren
671 598 811 675 corripuit
832 597 914 670 dunc,
1154 608 1187 657 4..

336 689 362 739 tc
382 681 546 757 peniteret
567 696 611 739 me
632 688 743 744 rutra·

134 774 245 840 dixerat
266 779 382 858 placere
404 778 460 840 sibi
482 779 513 839 in
536 778 695 859 Hippolyto
718 781 821 841 laciem
846 781 968 842 viriliter
989 789 1116 843 torvam:
1140 783 1203 845 her.

136 874 163 918 l·
194 863 228 924 73
249 960 254 969 ’
335 966 469 1028 paremque
490 960 592 1008 vocant
613 948 688 1009 allae
709 948 821 1009 vultum
844 951 1023 1030 rapidumque
1044 962 1204 1034 trucemque

331 1052 386 1112 pm
408 1033 512 1111 ripr'de,
537 1031 667 1094 Pducdrc
689 1034 789 1103 iudice,
812 1035 899 1113 fortir
921 1046 991 1096 erat.

271 1136 308 1196 77
333 1145 359 1195 tc
382 1146 449 1196 turra
470 1137 521 1195 iste
541 1137 623 1212 rlpcr
640 1139 780 1215 positique
801 1140 862 1196 selae
883 1146 945 1197 arte
966 1138 1063 1217 capilli

334 1230 361 1280 et
382 1219 452 1281 leva'a
472 1224 582 1297 cqrepr'n
601 1220 700 1300 pulvis
722 1224 753 1280 in
775 1237 823 1281 ore
846 1223 928 1282 decet.

139 1311 242 1384 quibus
262 1319 414 1382 admiscuit
437 1320 558 1380 Ovidius
580 1339 614 1380 ex
637 1321 707 1380 Arte
729 1339 781 1382 sua
810 1323 939 1383 colorem
962 1324 1024 1397 (75.
1049 1325 1116 1398 76);
1148 1325 1202 1386 Se·

139 1408 212 1459 neca
232 1405 300 1466 haec
321 1405 364 1466 sic
386 1405 498 1465 inflexit
519 1423 545 1465 1.
568 1405 630 1468 657
654 1424 730 1484 sq.:⁴
973 1429 975 1434 ·

334 1511 365 1567 in
387 1517 413 1567 tc
433 1512 526 1585 mepte
546 1506 669 1586 refulpet
692 1512 849 1587 incomptam
875 1510 956 1569 decor

333 1603 358 1652 et
380 1596 491 1670 portitor
512 1595 544 1651 ira
565 1602 591 1653 tc
612 1604 701 1664 totus,
726 1604 751 1653 et
774 1602 871 1654 torvae
893 1604 987 1653 tamen

327 1694 399 1755 pars
421 1675 517 1755 aliqua
539 1680 641 1737 metris
662 1682 758 1738 miscet
780 1695 817 1738 cur
837 1695 925 1756 nequo
950 1679 1049 1738 decus:

124 1824 156 1882 cf
190 1854 207 1894 v
242 1845 301 1908 798
333 1763 365 1821 irc
387 1779 435 1822 ore
460 1759 546 1822 Grato
570 1760 714 1840 Scythicus
735 1773 855 1841 apparet
875 1766 965 1839 ripor.

119 2006 146 2051 V·
175 2004 241 2075 803
333 1949 418 2009 quam
439 1941 523 2008 prata
546 1931 695 2009 estferiae
717 1942 800 1991 torva
822 1928 946 1990 viriliter

332 2109 359 2159 tc
380 2099 464 2175 frons
486 2099 562 2160 lu'rta
584 2099 667 2173 decet,
691 2110 717 2160 te
739 2098 854 2160 brevior
875 2117 955 2160 coma

330 2183 413 2244 trulla
434 2183 492 2262 depe
514 2187 615 2245 laeena

115 2256 192 2335 item
227 2283 304 2362 quod
331 2284 410 2364 apud
432 2284 603 2364 Euripidem
626 2284 756 2345 Phaedra
786 2285 821 2345 de
844 2283 1004 2364 Hippolyto
1027 2284 1058 2347 in
1082 2282 1196 2346 Cereris

115 2361 220 2512 ῖῧθὲἱιῦ
240 2368 293 2430 sibi
316 2370 378 2431 viso
401 2368 585 2448 praedicasse
607 2381 636 2431 et
658 2369 727 2430 inde
751 2368 871 2430 Ovidius
898 2369 1060 2449 sumpsisse
1083 2369 1198 2431 videtur

329 2539 449 2600 candida
470 2543 554 2600 vestis
576 2549 647 2611 erat,
668 2542 824 2619 praecincti
844 2539 917 2616 llere
939 2538 1043 2619 capilli,

327 2623 408 2701 flava
430 2625 604 2685 verecundus
625 2630 753 2687 tinxerat
775 2641 826 2685 ora
851 2623 950 2694 ruder,

124 2706 155 2765 ad
180 2717 295 2786 Thesea
319 2723 408 2787 Cnosi
429 2735 593 2787 morantem
614 2727 727 2787 Seneca
750 2725 900 2785 transtulit
921 2743 947 2785 v.
971 2725 1049 2787 651:

529 2839 694 2907 presumunt
714 2832 801 2889 vittae
822 2846 932 2888 comum

327 2923 354 2973 et
376 2929 428 2972 nra
448 2912 546 2989 slavus
567 2924 664 2975 tenera
686 2912 1004 2992 linquetcrpudor.21)

129 2985 282 3085 Pasiphaes
304 3012 444 3073 infamem
466 3023 495 3074 et
516 3013 664 3075 infelicem
681 3013 823 3075 Ariadnae
840 3030 969 3073 amorem
984 3012 1078 3090 tangit
1093 3012 1195 3074 saltem

128 3071 281 3179 luriptues
296 3096 385 3176 Hipp.
403 3099 462 3161 337
480 3116 526 3176 sq.
550 3099 581 3160 in
604 3098 703 3178 priore
726 3107 843 3176 gentem
859 3097 937 3158 Solis
952 3096 1058 3157 Veneri
1080 3097 1195 3175 pridem

127 3175 246 3242 'lltsam
262 3192 364 3261 questa
380 3202 444 3243 esse
459 3180 591 3244 Phaedra
604 3183 727 3260 videtur,
743 3184 822 3261 quod
835 3181 956 3242 Ovidius
972 3182 1080 3241 indicat
1095 3199 1120 3239 v.
1138 3184 1194 3243 541

326 3284 454 3362 forsitan
474 3285 548 3345 dunc
569 3288 679 3363 pencris
699 3285 761 3362 fato
784 3286 936 3345 reddamus
957 3299 1084 3343 umorem

328 3380 355 3430 et
380 3367 471 3430 Venus
492 3387 529 3430 cm
550 3381 609 3431 tota
629 3380 711 3448 pente
733 3370 840 3431 tributa
859 3379 947 3449 petat,
1203 3362 1208 3375 “

116 3438 238 3530 setteca
259 3469 396 3549 pluribus
418 3470 608 3549 persequitur
629 3490 654 3529 v.
682 3472 740 3531 124
763 3488 823 3549 sq.:

327 3575 444 3652 stirpem
461 3590 565 3651 perosa
586 3572 661 3634 Solis
675 3575 775 3633 tenisi
799 3570 891 3631 Venus

325 3675 378 3736 per
399 3668 584 3719 eustatmus
605 3659 729 3719 vindicat
752 3654 857 3716 Martis
877 3657 933 3715 sui.

108 3724 186 3753 ,χ
206 3757 217 3762 ..
228 3760 254 3766 -..

100 3869 154 3930 ima
198 3836 243 3913 ῥ’)
262 3839 310 3891 hoc
327 3839 466 3893 secundum
484 3841 610 3894 noviciam
621 3844 647 3891 el
661 3854 675 3890 a
687 3839 770 3905 poetis
780 3837 955 3890 Alexandrinis
965 3838 1090 3889 excultam
1101 3837 1195 3890 Thesei

160 3904 309 3959 8111111111.
328 3906 441 3960 Naelrius
459 3924 548 3975 opusc.
565 3910 585 3961 ll
604 3924 628 3974 p.
647 3911 679 3960 88
698 3922 736 3972 sq.
772 3906 869 3973 llelbig.
888 3907 988 3958 [lutere.
1007 3922 1031 3972 p.
1052 3908 1101 3958 259
1120 3920 1159 3970 eq.

160 3979 222 4037 Leo
233 3999 258 4042 dc
271 4001 365 4043 &necea
378 4001 505 4052 tragoediis.
961 3992 989 4041 12
