<?xml version="1.0" encoding="UTF-8"?>
<!DOCTYPE html PUBLIC "-//W3C//DTD XHTML 1.0 Transitional//EN"
    "http://www.w3.org/TR/xhtml1/DTD/xhtml1-transitional.dtd">
<html xmlns="http://www.w3.org/1999/xhtml" xml:lang="en" lang="en">
 <head>
  <title>
</title>
<meta http-equiv="Content-Type" content="text/html;charset=utf-8" />
  <meta name='ocr-system' content='tesseract 3.04.00' />
  <meta name='ocr-capabilities' content='ocr_page ocr_carea ocr_par ocr_line ocrx_word'/>
</head>
<body>
  <div class='ocr_page' id='page_1' title='image "./tragoediae00leogoog_0430.png"; bbox 0 0 2580 4366; ppageno 0'>
   <div class='ocr_carea' id='block_1_1' title="bbox 571 226 703 271">
    <p class='ocr_par' dir='ltr' id='par_1_1' title="bbox 571 226 703 271">
     <span class='ocr_line' id='line_1_1' title="bbox 571 226 703 271; baseline 0.015 -3"><span class='ocrx_word' id='word_1_1' title='bbox 571 226 703 271; x_wconf 73' lang='lat' dir='ltr'><strong>rflanuna</strong></span> 
     </span>
    </p>
   </div>
   <div class='ocr_carea' id='block_1_2' title="bbox 96 369 890 1306">
    <p class='ocr_par' dir='ltr' id='par_1_2' title="bbox 99 369 855 626">
     <span class='ocr_line' id='line_1_2' title="bbox 99 369 786 452; baseline 0.013 -23"><span class='ocrx_word' id='word_1_2' title='bbox 99 369 142 431; x_wconf 88' lang='lat' dir='ltr'><strong>sic</strong></span> <span class='ocrx_word' id='word_1_3' title='bbox 164 379 194 433; x_wconf 92' lang='lat' dir='ltr'><strong>te</strong></span> <span class='ocrx_word' id='word_1_4' title='bbox 215 380 369 452; x_wconf 84' lang='lat' dir='ltr'><strong>regentem</strong></span> <span class='ocrx_word' id='word_1_5' title='bbox 391 374 475 437; x_wconf 88' lang='lat' dir='ltr'><strong>irena</strong></span> <span class='ocrx_word' id='word_1_6' title='bbox 497 378 637 439; x_wconf 82' lang='lat' dir='ltr'>nocturni</span> <span class='ocrx_word' id='word_1_7' title='bbox 659 377 786 439; x_wconf 87' lang='lat' dir='ltr'><strong>aetheris</strong></span> 
     </span>
     <span class='ocr_line' id='line_1_3' title="bbox 99 455 855 542; baseline 0.008 -26"><span class='ocrx_word' id='word_1_8' title='bbox 99 455 254 518; x_wconf 78' lang='lat' dir='ltr'><strong>detrahere</strong></span> <span class='ocrx_word' id='word_1_9' title='bbox 276 474 439 538; x_wconf 83' lang='lat' dir='ltr'><strong>numquam</strong></span> <span class='ocrx_word' id='word_1_10' title='bbox 461 459 595 522; x_wconf 80' lang='lat' dir='ltr'><strong>Thessali</strong></span> <span class='ocrx_word' id='word_1_11' title='bbox 617 470 721 524; x_wconf 88' lang='lat' dir='ltr'><strong>cantus</strong></span> <span class='ocrx_word' id='word_1_12' title='bbox 743 470 855 542; x_wconf 86' lang='lat' dir='ltr'><strong>queant</strong></span> 
     </span>
     <span class='ocr_line' id='line_1_4' title="bbox 99 541 746 626; baseline 0.011 -25"><span class='ocrx_word' id='word_1_13' title='bbox 99 541 260 622; x_wconf 91' lang='lat' dir='ltr'><strong>nullusque</strong></span> <span class='ocrx_word' id='word_1_14' title='bbox 283 544 318 604; x_wconf 90' lang='lat' dir='ltr'><strong>de</strong></span> <span class='ocrx_word' id='word_1_15' title='bbox 340 553 370 605; x_wconf 90' lang='lat' dir='ltr'><strong>te</strong></span> <span class='ocrx_word' id='word_1_16' title='bbox 393 545 516 623; x_wconf 83' lang='lat' dir='ltr'>gloriam</span> <span class='ocrx_word' id='word_1_17' title='bbox 539 555 642 626; x_wconf 90' lang='lat' dir='ltr'><strong>pastor</strong></span> <span class='ocrx_word' id='word_1_18' title='bbox 663 549 746 609; x_wconf 85' lang='lat' dir='ltr'><strong>ferat.</strong></span> 
     </span>
    </p>

    <p class='ocr_par' dir='ltr' id='par_1_3' title="bbox 97 627 699 706">
     <span class='ocr_line' id='line_1_5' title="bbox 97 627 699 706; baseline 0.008 -18"><span class='ocrx_word' id='word_1_19' title='bbox 97 627 168 688; x_wconf 90' lang='lat' dir='ltr'><strong>ades</strong></span> <span class='ocrx_word' id='word_1_20' title='bbox 191 628 334 704; x_wconf 86' lang='lat' dir='ltr'><strong>invocata,</strong></span> <span class='ocrx_word' id='word_1_21' title='bbox 357 628 414 691; x_wconf 92' lang='lat' dir='ltr'><strong>iam</strong></span> <span class='ocrx_word' id='word_1_22' title='bbox 436 629 500 692; x_wconf 79' lang='lat' dir='ltr'><strong>fave</strong></span> <span class='ocrx_word' id='word_1_23' title='bbox 522 631 609 706; x_wconf 75' lang='lat' dir='ltr'><strong>votiS,</strong></span> <span class='ocrx_word' id='word_1_24' title='bbox 631 633 699 693; x_wconf 92' lang='lat' dir='ltr'><strong>dea:</strong></span> 
     </span>
    </p>

    <p class='ocr_par' dir='ltr' id='par_1_4' title="bbox 96 713 890 1136">
     <span class='ocr_line' id='line_1_6' title="bbox 97 713 827 791; baseline 0.004 -18"><span class='ocrx_word' id='word_1_25' title='bbox 97 713 196 791; x_wconf 90' lang='lat' dir='ltr'><strong>ipsum</strong></span> <span class='ocrx_word' id='word_1_26' title='bbox 219 713 321 774; x_wconf 90' lang='lat' dir='ltr'><strong>intuor</strong></span> <span class='ocrx_word' id='word_1_27' title='bbox 344 714 476 776; x_wconf 88' lang='lat' dir='ltr'><strong>solemne</strong></span> <span class='ocrx_word' id='word_1_28' title='bbox 498 725 687 780; x_wconf 81' lang='lat' dir='ltr'><strong>venerantem</strong></span> <span class='ocrx_word' id='word_1_29' title='bbox 710 733 827 778; x_wconf 86' lang='lat' dir='ltr'><strong>sacrum</strong></span> 
     </span>
     <span class='ocr_line' id='line_1_7' title="bbox 98 796 885 880; baseline 0.005 -23"><span class='ocrx_word' id='word_1_30' title='bbox 98 796 181 857; x_wconf 92' lang='lat' dir='ltr'><strong>nullo</strong></span> <span class='ocrx_word' id='word_1_31' title='bbox 203 797 280 860; x_wconf 89' lang='lat' dir='ltr'><strong>latus</strong></span> <span class='ocrx_word' id='word_1_32' title='bbox 303 800 463 863; x_wconf 89' lang='lat' dir='ltr'><strong>comitante</strong></span> <span class='ocrx_word' id='word_1_33' title='bbox 487 833 523 843; x_wconf 88' lang='lat'><strong>·—</strong></span> <span class='ocrx_word' id='word_1_34' title='bbox 549 802 621 880; x_wconf 92' lang='lat' dir='ltr'><strong>quid</strong></span> <span class='ocrx_word' id='word_1_35' title='bbox 644 798 782 863; x_wconf 77' lang='lat' dir='ltr'><strong>dubitas?</strong></span> <span class='ocrx_word' id='word_1_36' title='bbox 804 799 885 862; x_wconf 87' lang='lat' dir='ltr'><strong>dedit</strong></span> 
     </span>
     <span class='ocr_line' id='line_1_8' title="bbox 97 882 836 963; baseline 0.004 -21"><span class='ocrx_word' id='word_1_37' title='bbox 97 890 215 961; x_wconf 88' lang='lat' dir='ltr'><strong>tempus</strong></span> <span class='ocrx_word' id='word_1_38' title='bbox 238 882 399 963; x_wconf 90' lang='lat' dir='ltr'><strong>locumque</strong></span> <span class='ocrx_word' id='word_1_39' title='bbox 422 904 523 947; x_wconf 90' lang='lat' dir='ltr'><strong>casus:</strong></span> <span class='ocrx_word' id='word_1_40' title='bbox 548 885 692 948; x_wconf 89' lang='lat' dir='ltr'><strong>utendum</strong></span> <span class='ocrx_word' id='word_1_41' title='bbox 714 885 836 947; x_wconf 86' lang='lat' dir='ltr'><strong>artibus.</strong></span> 
     </span>
     <span class='ocr_line' id='line_1_9' title="bbox 98 966 890 1046; baseline 0.001 -17"><span class='ocrx_word' id='word_1_42' title='bbox 98 966 303 1046; x_wconf 82' lang='lat' dir='ltr'><strong>trepidamus?</strong></span> <span class='ocrx_word' id='word_1_43' title='bbox 325 970 404 1031; x_wconf 91' lang='lat' dir='ltr'><strong>haud</strong></span> <span class='ocrx_word' id='word_1_44' title='bbox 427 978 471 1032; x_wconf 92' lang='lat' dir='ltr'><strong>est</strong></span> <span class='ocrx_word' id='word_1_45' title='bbox 493 970 578 1033; x_wconf 83' lang='lat' dir='ltr'><strong>facile</strong></span> <span class='ocrx_word' id='word_1_46' title='bbox 599 971 770 1033; x_wconf 91' lang='lat' dir='ltr'><strong>mandatum</strong></span> <span class='ocrx_word' id='word_1_47' title='bbox 792 970 890 1032; x_wconf 90' lang='lat' dir='ltr'><strong>scelus</strong></span> 
     </span>
     <span class='ocr_line' id='line_1_10' title="bbox 96 1053 733 1136; baseline 0.008 -24"><span class='ocrx_word' id='word_1_48' title='bbox 96 1053 214 1128; x_wconf 90' lang='lat' dir='ltr'><strong>audere,</strong></span> <span class='ocrx_word' id='word_1_49' title='bbox 237 1072 340 1115; x_wconf 89' lang='lat' dir='ltr'><strong>verum</strong></span> <span class='ocrx_word' id='word_1_50' title='bbox 363 1056 443 1116; x_wconf 90' lang='lat' dir='ltr'><strong>iussa</strong></span> <span class='ocrx_word' id='word_1_51' title='bbox 465 1055 517 1134; x_wconf 94' lang='lat' dir='ltr'><strong>qui</strong></span> <span class='ocrx_word' id='word_1_52' title='bbox 539 1056 619 1136; x_wconf 82' lang='lat' dir='ltr'><strong>regis</strong></span> <span class='ocrx_word' id='word_1_53' title='bbox 641 1056 733 1130; x_wconf 88' lang='lat' dir='ltr'><strong>timet,</strong></span> 
     </span>
    </p>

    <p class='ocr_par' dir='ltr' id='par_1_5' title="bbox 97 1138 808 1306">
     <span class='ocr_line' id='line_1_11' title="bbox 98 1138 808 1220; baseline 0.004 -23"><span class='ocrx_word' id='word_1_54' title='bbox 98 1138 226 1216; x_wconf 90' lang='lat' dir='ltr'><strong>deponat</strong></span> <span class='ocrx_word' id='word_1_55' title='bbox 248 1157 336 1199; x_wconf 90' lang='lat' dir='ltr'><strong>omne</strong></span> <span class='ocrx_word' id='word_1_56' title='bbox 360 1149 389 1201; x_wconf 91' lang='lat' dir='ltr'><strong>et</strong></span> <span class='ocrx_word' id='word_1_57' title='bbox 411 1140 501 1220; x_wconf 90' lang='lat' dir='ltr'><strong>pellat</strong></span> <span class='ocrx_word' id='word_1_58' title='bbox 523 1159 558 1203; x_wconf 84' lang='lat' dir='ltr'><strong>ex</strong></span> <span class='ocrx_word' id='word_1_59' title='bbox 580 1141 679 1203; x_wconf 89' lang='lat' dir='ltr'><strong>animo</strong></span> <span class='ocrx_word' id='word_1_60' title='bbox 702 1142 808 1203; x_wconf 89' lang='lat' dir='ltr'><strong>decus:</strong></span> 
     </span>
     <span class='ocr_line' id='line_1_12' title="bbox 97 1223 782 1306; baseline 0.004 -23"><span class='ocrx_word' id='word_1_61' title='bbox 97 1223 191 1284; x_wconf 94' lang='lat' dir='ltr'><strong>malus</strong></span> <span class='ocrx_word' id='word_1_62' title='bbox 214 1231 258 1284; x_wconf 82' lang='lat' dir='ltr'><strong>est</strong></span> <span class='ocrx_word' id='word_1_63' title='bbox 280 1225 416 1286; x_wconf 87' lang='lat' dir='ltr'><strong>minister</strong></span> <span class='ocrx_word' id='word_1_64' title='bbox 438 1225 512 1304; x_wconf 88' lang='lat' dir='ltr'><strong>regii</strong></span> <span class='ocrx_word' id='word_1_65' title='bbox 534 1225 652 1306; x_wconf 90' lang='lat' dir='ltr'><strong>imperii</strong></span> <span class='ocrx_word' id='word_1_66' title='bbox 675 1225 782 1306; x_wconf 89' lang='lat' dir='ltr'><strong>pudor.</strong></span> 
     </span>
    </p>
   </div>
   <div class='ocr_carea' id='block_1_3' title="bbox 423 1376 662 1440">
    <p class='ocr_par' dir='ltr' id='par_1_6' title="bbox 423 1376 662 1440">
     <span class='ocr_line' id='line_1_13' title="bbox 423 1376 662 1440; baseline 0.004 -2"><span class='ocrx_word' id='word_1_67' title='bbox 423 1376 662 1440; x_wconf 87' lang='lat' dir='ltr'>HIPPOLYTVS</span> 
     </span>
    </p>
   </div>
   <div class='ocr_carea' id='block_1_4' title="bbox 93 1477 1137 3510">
    <p class='ocr_par' dir='ltr' id='par_1_7' title="bbox 93 1477 1137 3510">
     <span class='ocr_line' id='line_1_14' title="bbox 184 1477 850 1558; baseline 0.003 -21"><span class='ocrx_word' id='word_1_68' title='bbox 184 1477 261 1549; x_wconf 87' lang='lat' dir='ltr'><strong>Quid</strong></span> <span class='ocrx_word' id='word_1_69' title='bbox 283 1479 343 1539; x_wconf 88' lang='lat' dir='ltr'><strong>huo</strong></span> <span class='ocrx_word' id='word_1_70' title='bbox 365 1479 475 1541; x_wconf 90' lang='lat' dir='ltr'><strong>seniles</strong></span> <span class='ocrx_word' id='word_1_71' title='bbox 496 1481 574 1540; x_wconf 81' lang='lat' dir='ltr'><strong>sessa</strong></span> <span class='ocrx_word' id='word_1_72' title='bbox 596 1479 709 1540; x_wconf 90' lang='lat' dir='ltr'><strong>moliris</strong></span> <span class='ocrx_word' id='word_1_73' title='bbox 731 1478 850 1558; x_wconf 79' lang='lat' dir='ltr'><strong>gradus,</strong></span> 
     </span>
     <span class='ocr_line' id='line_1_15' title="bbox 98 1561 778 1643; baseline 0 -19"><span class='ocrx_word' id='word_1_74' title='bbox 98 1582 115 1624; x_wconf 92' lang='lat' dir='ltr'><strong>o</strong></span> <span class='ocrx_word' id='word_1_75' title='bbox 136 1561 193 1623; x_wconf 86' lang='lat' dir='ltr'><strong>fida</strong></span> <span class='ocrx_word' id='word_1_76' title='bbox 216 1562 326 1638; x_wconf 83' lang='lat' dir='ltr'><strong>nutrix,</strong></span> <span class='ocrx_word' id='word_1_77' title='bbox 349 1565 496 1626; x_wconf 82' lang='lat' dir='ltr'><strong>turbidam</strong></span> <span class='ocrx_word' id='word_1_78' title='bbox 517 1564 648 1626; x_wconf 80' lang='lat' dir='ltr'><strong>frontem</strong></span> <span class='ocrx_word' id='word_1_79' title='bbox 671 1582 778 1643; x_wconf 84' lang='lat' dir='ltr'><strong>gerens</strong></span> 
     </span>
     <span class='ocr_line' id='line_1_16' title="bbox 98 1646 815 1729; baseline -0.001 -20"><span class='ocrx_word' id='word_1_80' title='bbox 98 1657 127 1709; x_wconf 88' lang='lat' dir='ltr'><strong>et</strong></span> <span class='ocrx_word' id='word_1_81' title='bbox 148 1656 257 1709; x_wconf 88' lang='lat' dir='ltr'><strong>maesta</strong></span> <span class='ocrx_word' id='word_1_82' title='bbox 279 1646 386 1709; x_wconf 79' lang='lat' dir='ltr'><strong>vultu?</strong></span> <span class='ocrx_word' id='word_1_83' title='bbox 408 1666 513 1729; x_wconf 90' lang='lat' dir='ltr'><strong>sospes</strong></span> <span class='ocrx_word' id='word_1_84' title='bbox 537 1656 582 1709; x_wconf 90' lang='lat' dir='ltr'><strong>est</strong></span> <span class='ocrx_word' id='word_1_85' title='bbox 605 1656 684 1709; x_wconf 89' lang='lat' dir='ltr'><strong>certe</strong></span> <span class='ocrx_word' id='word_1_86' title='bbox 706 1666 815 1729; x_wconf 87' lang='lat' dir='ltr'><strong>parens</strong></span> 
     </span>
     <span class='ocr_line' id='line_1_17' title="bbox 97 1727 896 1814; baseline -0.003 -20"><span class='ocrx_word' id='word_1_87' title='bbox 97 1751 261 1812; x_wconf 91' lang='lat' dir='ltr'><strong>sospesque</strong></span> <span class='ocrx_word' id='word_1_88' title='bbox 283 1732 416 1795; x_wconf 90' lang='lat' dir='ltr'><strong>Phaedra</strong></span> <span class='ocrx_word' id='word_1_89' title='bbox 438 1734 541 1814; x_wconf 87' lang='lat' dir='ltr'><strong>stirpis</strong></span> <span class='ocrx_word' id='word_1_90' title='bbox 563 1740 593 1793; x_wconf 89' lang='lat' dir='ltr'><strong>et</strong></span> <span class='ocrx_word' id='word_1_91' title='bbox 614 1732 749 1812; x_wconf 83' lang='lat' dir='ltr'><strong>geminae</strong></span> <span class='ocrx_word' id='word_1_92' title='bbox 771 1727 896 1810; x_wconf 70' lang='lat' dir='ltr'><strong>iugum?</strong></span> 
     </span>
     <span class='ocr_line' id='line_1_18' title="bbox 95 1817 1137 1898; baseline -0.003 -19"><span class='ocrx_word' id='word_1_93' title='bbox 95 1837 179 1879; x_wconf 83' lang='lat' dir='ltr'><strong>uvrn.</strong></span> <span class='ocrx_word' id='word_1_94' title='bbox 224 1817 320 1879; x_wconf 87' lang='lat' dir='ltr'><strong>Metus</strong></span> <span class='ocrx_word' id='word_1_95' title='bbox 342 1818 468 1879; x_wconf 90' lang='lat' dir='ltr'><strong>remitte.</strong></span> <span class='ocrx_word' id='word_1_96' title='bbox 513 1835 660 1898; x_wconf 89' lang='lat' dir='ltr'><strong>prospero</strong></span> <span class='ocrx_word' id='word_1_97' title='bbox 681 1835 807 1896; x_wconf 87' lang='lat' dir='ltr'><strong>regnum</strong></span> <span class='ocrx_word' id='word_1_98' title='bbox 832 1817 862 1877; x_wconf 92' lang='lat' dir='ltr'><strong>in</strong></span> <span class='ocrx_word' id='word_1_99' title='bbox 886 1823 962 1878; x_wconf 90' lang='lat' dir='ltr'><strong>statu</strong></span> <span class='ocrx_word' id='word_1_100' title='bbox 986 1824 1029 1877; x_wconf 90' lang='lat' dir='ltr'><strong>est</strong></span> <span class='ocrx_word' id='word_1_101' title='bbox 1134 1882 1137 1887; x_wconf 58' lang='grc'>,</span> 
     </span>
     <span class='ocr_line' id='line_1_19' title="bbox 97 1902 708 1981; baseline 0.002 -19"><span class='ocrx_word' id='word_1_102' title='bbox 97 1903 261 1981; x_wconf 91' lang='lat' dir='ltr'><strong>domusque</strong></span> <span class='ocrx_word' id='word_1_103' title='bbox 283 1903 395 1964; x_wconf 85' lang='lat' dir='ltr'><strong>florens</strong></span> <span class='ocrx_word' id='word_1_104' title='bbox 417 1912 498 1964; x_wconf 87' lang='lat' dir='ltr'><strong>sorte</strong></span> <span class='ocrx_word' id='word_1_105' title='bbox 519 1902 599 1964; x_wconf 82' lang='lat' dir='ltr'><strong>felici</strong></span> <span class='ocrx_word' id='word_1_106' title='bbox 621 1903 708 1981; x_wconf 83' lang='lat' dir='ltr'><strong>viget.</strong></span> 
     </span>
     <span class='ocr_line' id='line_1_20' title="bbox 97 1986 662 2049; baseline -0.002 0"><span class='ocrx_word' id='word_1_107' title='bbox 97 1988 149 2049; x_wconf 90' lang='lat' dir='ltr'><strong>sed</strong></span> <span class='ocrx_word' id='word_1_108' title='bbox 172 1997 204 2048; x_wconf 93' lang='lat' dir='ltr'><strong>tu</strong></span> <span class='ocrx_word' id='word_1_109' title='bbox 228 1987 321 2049; x_wconf 90' lang='lat' dir='ltr'><strong>beatis</strong></span> <span class='ocrx_word' id='word_1_110' title='bbox 344 1988 445 2049; x_wconf 89' lang='lat' dir='ltr'><strong>mitior</strong></span> <span class='ocrx_word' id='word_1_111' title='bbox 467 1987 558 2048; x_wconf 93' lang='lat' dir='ltr'><strong>rebus</strong></span> <span class='ocrx_word' id='word_1_112' title='bbox 579 1986 662 2048; x_wconf 85' lang='lat' dir='ltr'><strong>veni:</strong></span> 
     </span>
     <span class='ocr_line' id='line_1_21' title="bbox 97 2070 848 2152; baseline -0.004 -18"><span class='ocrx_word' id='word_1_113' title='bbox 97 2091 224 2152; x_wconf 90' lang='lat' dir='ltr'><strong>namque</strong></span> <span class='ocrx_word' id='word_1_114' title='bbox 247 2072 362 2134; x_wconf 85' lang='lat' dir='ltr'><strong>anxiam</strong></span> <span class='ocrx_word' id='word_1_115' title='bbox 384 2092 432 2134; x_wconf 91' lang='lat' dir='ltr'><strong>me</strong></span> <span class='ocrx_word' id='word_1_116' title='bbox 455 2090 526 2134; x_wconf 88' lang='lat' dir='ltr'><strong>cura</strong></span> <span class='ocrx_word' id='word_1_117' title='bbox 548 2071 686 2134; x_wconf 88' lang='lat' dir='ltr'><strong>sollicitat</strong></span> <span class='ocrx_word' id='word_1_118' title='bbox 707 2070 762 2145; x_wconf 90' lang='lat' dir='ltr'><strong>tui,</strong></span> <span class='ocrx_word' id='word_1_119' title='bbox 845 2109 848 2116; x_wconf 92' lang='lat'>-</span> 
     </span>
     <span class='ocr_line' id='line_1_22' title="bbox 96 2155 886 2238; baseline -0.004 -20"><span class='ocrx_word' id='word_1_120' title='bbox 96 2157 176 2238; x_wconf 91' lang='lat' dir='ltr'><strong>quod</strong></span> <span class='ocrx_word' id='word_1_121' title='bbox 199 2167 227 2219; x_wconf 90' lang='lat' dir='ltr'><strong>te</strong></span> <span class='ocrx_word' id='word_1_122' title='bbox 250 2158 314 2237; x_wconf 91' lang='lat' dir='ltr'><strong>ipse</strong></span> <span class='ocrx_word' id='word_1_123' title='bbox 336 2157 443 2237; x_wconf 89' lang='lat' dir='ltr'><strong>poenis</strong></span> <span class='ocrx_word' id='word_1_124' title='bbox 466 2157 604 2236; x_wconf 81' lang='lat' dir='ltr'><strong>gravibus</strong></span> <span class='ocrx_word' id='word_1_125' title='bbox 626 2156 753 2218; x_wconf 82' lang='lat' dir='ltr'><strong>infestus</strong></span> <span class='ocrx_word' id='word_1_126' title='bbox 775 2155 886 2216; x_wconf 89' lang='lat' dir='ltr'><strong>domas.</strong></span> 
     </span>
     <span class='ocr_line' id='line_1_23' title="bbox 95 2240 873 2322; baseline -0.004 -18"><span class='ocrx_word' id='word_1_127' title='bbox 95 2262 184 2322; x_wconf 91' lang='lat' dir='ltr'><strong>quem</strong></span> <span class='ocrx_word' id='word_1_128' title='bbox 207 2243 264 2303; x_wconf 86' lang='lat' dir='ltr'><strong>sata</strong></span> <span class='ocrx_word' id='word_1_129' title='bbox 287 2251 408 2320; x_wconf 84' lang='lat' dir='ltr'><strong>cogunt,</strong></span> <span class='ocrx_word' id='word_1_130' title='bbox 432 2242 481 2303; x_wconf 89' lang='lat' dir='ltr'><strong>ille</strong></span> <span class='ocrx_word' id='word_1_131' title='bbox 504 2260 573 2303; x_wconf 87' lang='lat' dir='ltr'><strong>oum</strong></span> <span class='ocrx_word' id='word_1_132' title='bbox 595 2242 678 2303; x_wconf 87' lang='lat' dir='ltr'><strong>venia</strong></span> <span class='ocrx_word' id='word_1_133' title='bbox 702 2249 746 2302; x_wconf 88' lang='lat' dir='ltr'><strong>est</strong></span> <span class='ocrx_word' id='word_1_134' title='bbox 768 2240 873 2315; x_wconf 89' lang='lat' dir='ltr'><strong>miser;</strong></span> 
     </span>
     <span class='ocr_line' id='line_1_24' title="bbox 95 2326 757 2406; baseline -0.005 -17"><span class='ocrx_word' id='word_1_135' title='bbox 95 2328 171 2390; x_wconf 89' lang='lat' dir='ltr'><strong>atsi</strong></span> <span class='ocrx_word' id='word_1_136' title='bbox 194 2327 261 2406; x_wconf 92' lang='lat' dir='ltr'><strong>quis</strong></span> <span class='ocrx_word' id='word_1_137' title='bbox 283 2327 361 2389; x_wconf 93' lang='lat' dir='ltr'><strong>ultro</strong></span> <span class='ocrx_word' id='word_1_138' title='bbox 385 2347 416 2388; x_wconf 91' lang='lat' dir='ltr'><strong>se</strong></span> <span class='ocrx_word' id='word_1_139' title='bbox 439 2327 523 2388; x_wconf 92' lang='lat' dir='ltr'><strong>malis</strong></span> <span class='ocrx_word' id='word_1_140' title='bbox 546 2327 632 2389; x_wconf 87' lang='lat' dir='ltr'><strong>offert</strong></span> <span class='ocrx_word' id='word_1_141' title='bbox 654 2326 757 2387; x_wconf 91' lang='lat' dir='ltr'><strong>volens</strong></span> 
     </span>
     <span class='ocr_line' id='line_1_25' title="bbox 96 2409 871 2493; baseline -0.005 -19"><span class='ocrx_word' id='word_1_142' title='bbox 96 2431 188 2492; x_wconf 89' lang='lat' dir='ltr'><strong>seque</strong></span> <span class='ocrx_word' id='word_1_143' title='bbox 210 2412 274 2491; x_wconf 90' lang='lat' dir='ltr'><strong>ipse</strong></span> <span class='ocrx_word' id='word_1_144' title='bbox 297 2421 426 2491; x_wconf 83' lang='lat' dir='ltr'><strong>torquet,</strong></span> <span class='ocrx_word' id='word_1_145' title='bbox 449 2412 575 2493; x_wconf 88' lang='lat' dir='ltr'><strong>perdere</strong></span> <span class='ocrx_word' id='word_1_146' title='bbox 598 2420 643 2473; x_wconf 91' lang='lat' dir='ltr'><strong>est</strong></span> <span class='ocrx_word' id='word_1_147' title='bbox 665 2410 772 2490; x_wconf 80' lang='lat' dir='ltr'><strong>dignus</strong></span> <span class='ocrx_word' id='word_1_148' title='bbox 792 2409 871 2471; x_wconf 91' lang='lat' dir='ltr'><strong>bona</strong></span> 
     </span>
     <span class='ocr_line' id='line_1_26' title="bbox 96 2497 810 2578; baseline -0.003 -20"><span class='ocrx_word' id='word_1_149' title='bbox 96 2500 163 2578; x_wconf 88' lang='lat' dir='ltr'><strong>quis</strong></span> <span class='ocrx_word' id='word_1_150' title='bbox 187 2497 282 2558; x_wconf 90' lang='lat' dir='ltr'><strong>nescit</strong></span> <span class='ocrx_word' id='word_1_151' title='bbox 304 2498 358 2558; x_wconf 92' lang='lat' dir='ltr'><strong>uti.</strong></span> <span class='ocrx_word' id='word_1_152' title='bbox 403 2497 503 2576; x_wconf 93' lang='lat' dir='ltr'><strong>potius</strong></span> <span class='ocrx_word' id='word_1_153' title='bbox 526 2515 673 2558; x_wconf 89' lang='lat' dir='ltr'><strong>annorum</strong></span> <span class='ocrx_word' id='word_1_154' title='bbox 697 2514 810 2558; x_wconf 91' lang='lat' dir='ltr'><strong>memor</strong></span> 
     </span>
     <span class='ocr_line' id='line_1_27' title="bbox 95 2581 746 2644; baseline -0.002 0"><span class='ocrx_word' id='word_1_155' title='bbox 95 2592 225 2644; x_wconf 87' lang='lat' dir='ltr'><strong>mentem</strong></span> <span class='ocrx_word' id='word_1_156' title='bbox 248 2581 361 2643; x_wconf 80' lang='lat' dir='ltr'><strong>relaxa:</strong></span> <span class='ocrx_word' id='word_1_157' title='bbox 386 2581 524 2644; x_wconf 90' lang='lat' dir='ltr'><strong>noctibus</strong></span> <span class='ocrx_word' id='word_1_158' title='bbox 545 2582 629 2644; x_wconf 85' lang='lat' dir='ltr'><strong>festis</strong></span> <span class='ocrx_word' id='word_1_159' title='bbox 653 2582 746 2644; x_wconf 83' lang='lat' dir='ltr'><strong>lacem</strong></span> 
     </span>
     <span class='ocr_line' id='line_1_28' title="bbox 94 2667 776 2746; baseline -0.003 -18"><span class='ocrx_word' id='word_1_160' title='bbox 94 2667 203 2740; x_wconf 90' lang='lat' dir='ltr'><strong>attolle,</strong></span> <span class='ocrx_word' id='word_1_161' title='bbox 227 2685 313 2727; x_wconf 89' lang='lat' dir='ltr'><strong>curas</strong></span> <span class='ocrx_word' id='word_1_162' title='bbox 335 2667 470 2728; x_wconf 88' lang='lat' dir='ltr'><strong>Bacchus</strong></span> <span class='ocrx_word' id='word_1_163' title='bbox 493 2674 634 2728; x_wconf 82' lang='lat' dir='ltr'><strong>exoneret</strong></span> <span class='ocrx_word' id='word_1_164' title='bbox 657 2683 776 2746; x_wconf 77' lang='lat' dir='ltr'><strong>graves3</strong></span> 
     </span>
     <span class='ocr_line' id='line_1_29' title="bbox 94 2749 673 2837; baseline -0.007 -23"><span class='ocrx_word' id='word_1_165' title='bbox 94 2761 186 2814; x_wconf 87' lang='lat' dir='ltr'><strong>aetate</strong></span> <span class='ocrx_word' id='word_1_166' title='bbox 207 2752 326 2812; x_wconf 87' lang='lat' dir='ltr'><strong>fruere:</strong></span> <span class='ocrx_word' id='word_1_167' title='bbox 349 2749 451 2812; x_wconf 94' lang='lat' dir='ltr'><strong>mobili</strong></span> <span class='ocrx_word' id='word_1_168' title='bbox 474 2769 565 2813; x_wconf 92' lang='lat' dir='ltr'><strong>cursu</strong></span> <span class='ocrx_word' id='word_1_169' title='bbox 588 2751 673 2837; x_wconf 78' lang='lat' dir='ltr'><strong>sugit.</strong></span> 
     </span>
     <span class='ocr_line' id='line_1_30' title="bbox 94 2834 889 2915; baseline -0.005 -17"><span class='ocrx_word' id='word_1_170' title='bbox 94 2856 176 2898; x_wconf 91' lang='lat' dir='ltr'><strong>nunc</strong></span> <span class='ocrx_word' id='word_1_171' title='bbox 198 2836 283 2898; x_wconf 81' lang='lat' dir='ltr'><strong>facile</strong></span> <span class='ocrx_word' id='word_1_172' title='bbox 306 2844 420 2915; x_wconf 85' lang='lat' dir='ltr'><strong>peetus,</strong></span> <span class='ocrx_word' id='word_1_173' title='bbox 443 2844 524 2915; x_wconf 86' lang='lat' dir='ltr'><strong>grata</strong></span> <span class='ocrx_word' id='word_1_174' title='bbox 546 2854 629 2897; x_wconf 89' lang='lat' dir='ltr'><strong>nunc</strong></span> <span class='ocrx_word' id='word_1_175' title='bbox 651 2836 749 2896; x_wconf 87' lang='lat' dir='ltr'><strong>iuveni</strong></span> <span class='ocrx_word' id='word_1_176' title='bbox 771 2834 889 2896; x_wconf 89' lang='lat' dir='ltr'><strong>Venus:</strong></span> 
     </span>
     <span class='ocr_line' id='line_1_31' title="bbox 95 2917 776 2984; baseline -0.007 0"><span class='ocrx_word' id='word_1_177' title='bbox 95 2923 206 2984; x_wconf 84' lang='lat' dir='ltr'><strong>exultet</strong></span> <span class='ocrx_word' id='word_1_178' title='bbox 228 2921 355 2982; x_wconf 81' lang='lat' dir='ltr'><strong>animus</strong></span> <span class='ocrx_word' id='word_1_179' title='bbox 400 2939 454 2982; x_wconf 92' lang='lat' dir='ltr'><strong>cur</strong></span> <span class='ocrx_word' id='word_1_180' title='bbox 476 2928 541 2980; x_wconf 92' lang='lat' dir='ltr'><strong>toro</strong></span> <span class='ocrx_word' id='word_1_181' title='bbox 565 2921 653 2981; x_wconf 87' lang='lat' dir='ltr'><strong>viduo</strong></span> <span class='ocrx_word' id='word_1_182' title='bbox 676 2917 776 2982; x_wconf 80' lang='lat' dir='ltr'><strong>iaces?</strong></span> 
     </span>
     <span class='ocr_line' id='line_1_32' title="bbox 93 3004 838 3084; baseline -0.004 -16"><span class='ocrx_word' id='word_1_183' title='bbox 93 3007 208 3068; x_wconf 86' lang='lat' dir='ltr'><strong>tristem</strong></span> <span class='ocrx_word' id='word_1_184' title='bbox 230 3006 378 3067; x_wconf 90' lang='lat' dir='ltr'><strong>iuventam</strong></span> <span class='ocrx_word' id='word_1_185' title='bbox 402 3004 498 3079; x_wconf 83' lang='lat' dir='ltr'><strong>solve;</strong></span> <span class='ocrx_word' id='word_1_186' title='bbox 522 3024 604 3067; x_wconf 91' lang='lat' dir='ltr'><strong>nunc</strong></span> <span class='ocrx_word' id='word_1_187' title='bbox 627 3023 735 3067; x_wconf 88' lang='lat' dir='ltr'><strong>cursus</strong></span> <span class='ocrx_word' id='word_1_188' title='bbox 756 3022 838 3084; x_wconf 85' lang='lat' dir='ltr'><strong>rape,</strong></span> 
     </span>
     <span class='ocr_line' id='line_1_33' title="bbox 94 3090 709 3170; baseline -0.002 -17"><span class='ocrx_word' id='word_1_189' title='bbox 94 3092 212 3153; x_wconf 86' lang='lat' dir='ltr'><strong>effunde</strong></span> <span class='ocrx_word' id='word_1_190' title='bbox 234 3091 374 3166; x_wconf 64' lang='lat' dir='ltr'><strong>habenas</strong></span> <span class='ocrx_word' id='word_1_191' title='bbox 398 3091 527 3170; x_wconf 90' lang='lat' dir='ltr'><strong>optimos</strong></span> <span class='ocrx_word' id='word_1_192' title='bbox 549 3090 624 3152; x_wconf 86' lang='lat' dir='ltr'><strong>vitae</strong></span> <span class='ocrx_word' id='word_1_193' title='bbox 646 3091 709 3152; x_wconf 91' lang='lat' dir='ltr'><strong>dies</strong></span> 
     </span>
     <span class='ocr_line' id='line_1_34' title="bbox 94 3173 813 3256; baseline -0.004 -18"><span class='ocrx_word' id='word_1_194' title='bbox 94 3177 214 3238; x_wconf 86' lang='lat' dir='ltr'><strong>effluere</strong></span> <span class='ocrx_word' id='word_1_195' title='bbox 236 3173 372 3255; x_wconf 90' lang='lat' dir='ltr'><strong>prohibe.</strong></span> <span class='ocrx_word' id='word_1_196' title='bbox 417 3175 539 3255; x_wconf 90' lang='lat' dir='ltr'><strong>propria</strong></span> <span class='ocrx_word' id='word_1_197' title='bbox 562 3176 718 3256; x_wconf 82' lang='lat' dir='ltr'><strong>descripsit</strong></span> <span class='ocrx_word' id='word_1_198' title='bbox 740 3175 813 3236; x_wconf 92' lang='lat' dir='ltr'><strong>deus</strong></span> 
     </span>
     <span class='ocr_line' id='line_1_35' title="bbox 93 3259 789 3340; baseline -0.007 -18"><span class='ocrx_word' id='word_1_199' title='bbox 93 3262 189 3322; x_wconf 85' lang='lat' dir='ltr'><strong>officia</strong></span> <span class='ocrx_word' id='word_1_200' title='bbox 212 3272 241 3322; x_wconf 91' lang='lat' dir='ltr'><strong>et</strong></span> <span class='ocrx_word' id='word_1_201' title='bbox 262 3279 366 3321; x_wconf 87' lang='lat' dir='ltr'><strong>aevum</strong></span> <span class='ocrx_word' id='word_1_202' title='bbox 387 3279 442 3340; x_wconf 92' lang='lat' dir='ltr'><strong>per</strong></span> <span class='ocrx_word' id='word_1_203' title='bbox 465 3278 536 3322; x_wconf 89' lang='lat' dir='ltr'><strong>suos</strong></span> <span class='ocrx_word' id='word_1_204' title='bbox 559 3260 641 3321; x_wconf 85' lang='lat' dir='ltr'><strong>duxit</strong></span> <span class='ocrx_word' id='word_1_205' title='bbox 663 3259 789 3340; x_wconf 85' lang='lat' dir='ltr'><strong>gradus:</strong></span> 
     </span>
     <span class='ocr_line' id='line_1_36' title="bbox 93 3345 836 3421; baseline -0.007 -15"><span class='ocrx_word' id='word_1_206' title='bbox 93 3346 202 3407; x_wconf 90' lang='lat' dir='ltr'><strong>laetitia</strong></span> <span class='ocrx_word' id='word_1_207' title='bbox 224 3346 373 3421; x_wconf 89' lang='lat' dir='ltr'><strong>iuvenem,</strong></span> <span class='ocrx_word' id='word_1_208' title='bbox 394 3345 479 3406; x_wconf 82' lang='lat' dir='ltr'><strong>frons</strong></span> <span class='ocrx_word' id='word_1_209' title='bbox 502 3345 588 3406; x_wconf 92' lang='lat' dir='ltr'><strong>decet</strong></span> <span class='ocrx_word' id='word_1_210' title='bbox 610 3346 702 3407; x_wconf 90' lang='lat' dir='ltr'><strong>tristis</strong></span> <span class='ocrx_word' id='word_1_211' title='bbox 723 3359 836 3405; x_wconf 90' lang='lat' dir='ltr'><strong>senem.</strong></span> 
     </span>
     <span class='ocr_line' id='line_1_37' title="bbox 93 3423 850 3510; baseline -0.009 -17"><span class='ocrx_word' id='word_1_212' title='bbox 93 3432 164 3510; x_wconf 92' lang='lat' dir='ltr'><strong>quid</strong></span> <span class='ocrx_word' id='word_1_213' title='bbox 186 3439 215 3492; x_wconf 90' lang='lat' dir='ltr'><strong>te</strong></span> <span class='ocrx_word' id='word_1_214' title='bbox 238 3431 380 3492; x_wconf 82' lang='lat' dir='ltr'><strong>coherces</strong></span> <span class='ocrx_word' id='word_1_215' title='bbox 403 3439 432 3491; x_wconf 90' lang='lat' dir='ltr'><strong>et</strong></span> <span class='ocrx_word' id='word_1_216' title='bbox 455 3448 542 3490; x_wconf 88' lang='lat' dir='ltr'><strong>necas</strong></span> <span class='ocrx_word' id='word_1_217' title='bbox 565 3438 674 3490; x_wconf 89' lang='lat' dir='ltr'><strong>rectam</strong></span> <span class='ocrx_word' id='word_1_218' title='bbox 697 3423 850 3490; x_wconf 84' lang='lat' dir='ltr'><strong>indolem‘l</strong></span> 
     </span>
    </p>
   </div>
   <div class='ocr_carea' id='block_1_5' title="bbox 92 3584 296 3594">
    <p class='ocr_par' dir='ltr' id='par_1_8' title="bbox 92 3584 296 3594">
     <span class='ocr_line' id='line_1_38' title="bbox 92 3584 296 3594; baseline 0.005 -2"><span class='ocrx_word' id='word_1_219' title='bbox 92 3584 296 3594; x_wconf 80' lang='lat'><em>——-—</em></span> 
     </span>
    </p>
   </div>
   <div class='ocr_carea' id='block_1_6' title="bbox 91 3675 1170 3954">
    <p class='ocr_par' dir='ltr' id='par_1_9' title="bbox 91 3675 1170 3954">
     <span class='ocr_line' id='line_1_39' title="bbox 178 3675 1170 3746; baseline -0.007 -11"><span class='ocrx_word' id='word_1_220' title='bbox 178 3684 228 3735; x_wconf 80' lang='lat'><strong>423</strong></span> <span class='ocrx_word' id='word_1_221' title='bbox 246 3681 317 3733; x_wconf 83' lang='lat' dir='ltr'><strong>lavet</strong></span> <span class='ocrx_word' id='word_1_222' title='bbox 334 3681 359 3731; x_wconf 98' lang='lat' dir='ltr'><em>A</em></span> <span class='ocrx_word' id='word_1_223' title='bbox 427 3683 477 3733; x_wconf 82' lang='lat'><strong>428</strong></span> <span class='ocrx_word' id='word_1_224' title='bbox 495 3680 562 3732; x_wconf 89' lang='lat' dir='ltr'><strong>iusta</strong></span> <span class='ocrx_word' id='word_1_225' title='bbox 584 3679 629 3746; x_wconf 89' lang='lat' dir='ltr'><strong>qui</strong></span> <span class='ocrx_word' id='word_1_226' title='bbox 651 3693 724 3746; x_wconf 80' lang='lat' dir='ltr'><strong>reges</strong></span> <span class='ocrx_word' id='word_1_227' title='bbox 741 3678 813 3730; x_wconf 87' lang='lat' dir='ltr'><strong>timet</strong></span> <span class='ocrx_word' id='word_1_228' title='bbox 829 3675 835 3744; x_wconf 83' lang='grc' dir='ltr'>Ι</span> <span class='ocrx_word' id='word_1_229' title='bbox 850 3675 974 3742; x_wconf 85' lang='lat' dir='ltr'><strong>deponat,</strong></span> <span class='ocrx_word' id='word_1_230' title='bbox 997 3690 1072 3728; x_wconf 90' lang='lat' dir='ltr'><strong>omne</strong></span> <span class='ocrx_word' id='word_1_231' title='bbox 1088 3676 1170 3744; x_wconf 87' lang='lat' dir='ltr'><strong>pellat</strong></span> 
     </span>
     <span class='ocr_line' id='line_1_40' title="bbox 93 3744 1169 3801; baseline -0.005 -1"><span class='ocrx_word' id='word_1_232' title='bbox 93 3749 169 3800; x_wconf 81' lang='lat' dir='ltr'><strong>codd.</strong></span> <span class='ocrx_word' id='word_1_233' title='bbox 188 3753 309 3801; x_wconf 78' lang='lat' dir='ltr'><strong>corromit</strong></span> <span class='ocrx_word' id='word_1_234' title='bbox 326 3748 360 3801; x_wconf 87' lang='lat' dir='ltr'><strong>N.</strong></span> <span class='ocrx_word' id='word_1_235' title='bbox 378 3749 504 3799; x_wconf 77' lang='lat' dir='ltr'><strong>Heinsius</strong></span> <span class='ocrx_word' id='word_1_236' title='bbox 522 3748 541 3800; x_wconf 83' lang='lat' dir='ltr'><strong>l.</strong></span> <span class='ocrx_word' id='word_1_237' title='bbox 558 3764 578 3800; x_wconf 73' lang='lat' dir='ltr'><strong>a.</strong></span> <span class='ocrx_word' id='word_1_238' title='bbox 652 3750 702 3800; x_wconf 76' lang='lat'><strong>433</strong></span> <span class='ocrx_word' id='word_1_239' title='bbox 722 3746 809 3798; x_wconf 81' lang='lat' dir='ltr'><strong>vmtus</strong></span> <span class='ocrx_word' id='word_1_240' title='bbox 826 3746 852 3796; x_wconf 94' lang='lat' dir='ltr'><em>A</em></span> <span class='ocrx_word' id='word_1_241' title='bbox 924 3747 975 3798; x_wconf 81' lang='lat'><strong>438</strong></span> <span class='ocrx_word' id='word_1_242' title='bbox 993 3744 1067 3796; x_wconf 79' lang='lat' dir='ltr'><strong>anxia</strong></span> <span class='ocrx_word' id='word_1_243' title='bbox 1083 3744 1117 3798; x_wconf 76' lang='lat' dir='ltr'><strong>E.</strong></span> <span class='ocrx_word' id='word_1_244' title='bbox 1134 3773 1169 3786; x_wconf 88' lang='lat'><em>-</em></span> 
     </span>
     <span class='ocr_line' id='line_1_41' title="bbox 92 3811 1169 3883; baseline -0.005 -14"><span class='ocrx_word' id='word_1_245' title='bbox 92 3817 209 3870; x_wconf 85' lang='lat' dir='ltr'><strong>sollititat</strong></span> <span class='ocrx_word' id='word_1_246' title='bbox 225 3818 250 3868; x_wconf 78' lang='grc' dir='ltr'><em>Ε</em></span> <span class='ocrx_word' id='word_1_247' title='bbox 318 3819 369 3871; x_wconf 83' lang='grc'><strong>439</strong></span> <span class='ocrx_word' id='word_1_248' title='bbox 386 3817 495 3869; x_wconf 80' lang='lat' dir='ltr'><strong>infestus</strong></span> <span class='ocrx_word' id='word_1_249' title='bbox 517 3829 610 3883; x_wconf 77' lang='lat' dir='ltr'><strong>gravas</strong></span> <span class='ocrx_word' id='word_1_250' title='bbox 628 3815 653 3867; x_wconf 93' lang='lat' dir='ltr'><em>A</em></span> <span class='ocrx_word' id='word_1_251' title='bbox 721 3817 772 3868; x_wconf 89' lang='grc'><strong>440</strong></span> <span class='ocrx_word' id='word_1_252' title='bbox 790 3816 887 3881; x_wconf 76' lang='lat' dir='ltr'><strong>cogunt</strong></span> <span class='ocrx_word' id='word_1_253' title='bbox 910 3811 951 3864; x_wconf 91' lang='lat' dir='ltr'><strong>bic</strong></span> <span class='ocrx_word' id='word_1_254' title='bbox 974 3812 1076 3880; x_wconf 88' lang='lat' dir='ltr'><strong>quidem</strong></span> <span class='ocrx_word' id='word_1_255' title='bbox 1097 3813 1169 3864; x_wconf 80' lang='lat' dir='ltr'><strong>vivat</strong></span> 
     </span>
     <span class='ocr_line' id='line_1_42' title="bbox 91 3880 1169 3954; baseline -0.004 -17"><span class='ocrx_word' id='word_1_256' title='bbox 91 3886 168 3938; x_wconf 84' lang='lat' dir='ltr'><strong>miser</strong></span> <span class='ocrx_word' id='word_1_257' title='bbox 184 3887 210 3937; x_wconf 94' lang='lat' dir='ltr'><em>A</em></span> <span class='ocrx_word' id='word_1_258' title='bbox 278 3888 326 3938; x_wconf 89' lang='lat'><strong>441</strong></span> <span class='ocrx_word' id='word_1_259' title='bbox 347 3886 457 3954; x_wconf 88' lang='lat' dir='ltr'><strong>antiquis</strong></span> <span class='ocrx_word' id='word_1_260' title='bbox 475 3885 542 3937; x_wconf 89' lang='lat' dir='ltr'><strong>ultro</strong></span> <span class='ocrx_word' id='word_1_261' title='bbox 559 3884 585 3935; x_wconf 83' lang='grc' dir='ltr'><em>Ε</em></span> <span class='ocrx_word' id='word_1_262' title='bbox 654 3885 704 3936; x_wconf 92' lang='grc'><strong>444</strong></span> <span class='ocrx_word' id='word_1_263' title='bbox 721 3882 850 3935; x_wconf 88' lang='lat' dir='ltr'><strong>montibus</strong></span> <span class='ocrx_word' id='word_1_264' title='bbox 868 3881 894 3932; x_wconf 95' lang='lat' dir='ltr'><em>A</em></span> <span class='ocrx_word' id='word_1_265' title='bbox 961 3884 1011 3935; x_wconf 78' lang='lat'><strong>445</strong></span> <span class='ocrx_word' id='word_1_266' title='bbox 1030 3880 1127 3936; x_wconf 88' lang='lat' dir='ltr'><strong>bachus</strong></span> <span class='ocrx_word' id='word_1_267' title='bbox 1143 3880 1169 3933; x_wconf 79' lang='lat' dir='ltr'><strong>tt</strong></span> 
     </span>
    </p>
   </div>
   <div class='ocr_carea' id='block_1_7' title="bbox 91 3949 963 4090">
    <p class='ocr_par' dir='ltr' id='par_1_10' title="bbox 91 3949 963 4090">
     <span class='ocr_line' id='line_1_43' title="bbox 91 3949 963 4070; baseline -0.008 -62"><span class='ocrx_word' id='word_1_268' title='bbox 91 3957 142 4008; x_wconf 89' lang='grc'><strong>449</strong></span> <span class='ocrx_word' id='word_1_269' title='bbox 160 3955 234 4007; x_wconf 87' lang='lat' dir='ltr'><strong>luxus</strong></span> <span class='ocrx_word' id='word_1_270' title='bbox 257 3969 319 4021; x_wconf 87' lang='lat' dir='ltr'><strong>rape</strong></span> <span class='ocrx_word' id='word_1_271' title='bbox 336 3955 362 4005; x_wconf 94' lang='lat' dir='ltr'><em>A</em></span> <span class='ocrx_word' id='word_1_272' title='bbox 430 3957 481 4008; x_wconf 87' lang='lat'><strong>454</strong></span> <span class='ocrx_word' id='word_1_273' title='bbox 499 3952 629 4006; x_wconf 76' lang='lat' dir='ltr'><strong>coheredis</strong></span> <span class='ocrx_word' id='word_1_274' title='bbox 647 3955 677 4019; x_wconf 85' lang='lat' dir='ltr'><strong>(i.</strong></span> <span class='ocrx_word' id='word_1_275' title='bbox 695 3969 717 4005; x_wconf 88' lang='lat' dir='ltr'><strong>e.</strong></span> <span class='ocrx_word' id='word_1_276' title='bbox 736 3954 855 4019; x_wconf 82' lang='lat' dir='ltr'><strong>sprot)</strong></span> <span class='ocrx_word' id='word_1_277' title='bbox 873 3949 899 4002; x_wconf 82' lang='grc' dir='ltr'><em>Ε</em></span> <span class='ocrx_word' id='word_1_278' title='bbox 947 4034 963 4070; x_wconf 47' lang='grc' dir='ltr'><strong>*Ι</strong></span> 
     </span>
     <span class='ocr_line' id='line_1_44' title="bbox 820 4038 940 4090; baseline 0 0"><span class='ocrx_word' id='word_1_279' title='bbox 820 4038 823 4043; x_wconf 86' lang='grc'><strong>’</strong></span> <span class='ocrx_word' id='word_1_280' title='bbox 909 4038 940 4090; x_wconf 87' lang='grc'><strong>10</strong></span> 
     </span>
    </p>
   </div>
   <div class='ocr_carea' id='block_1_8' title="bbox 0 0 1294 4366">
    <p class='ocr_par' dir='ltr' id='par_1_11' title="bbox 0 0 1294 4366">
     <span class='ocr_line' id='line_1_45' title="bbox 0 0 1294 4366; baseline 0 2"><span class='ocrx_word' id='word_1_281' title='bbox 0 0 1294 4366; x_wconf 95' lang='lat' dir='ltr'><strong> </strong></span> 
     </span>
    </p>
   </div>
  </div>
 </body>
</html>
