2580 4366
108 199 168 263 110
489 218 517 259 u.
541 217 645 259 arnam
666 218 816 261 6666666·

105 367 255 445 iidemque
277 366 404 446 supplex
426 365 569 446 praesidis
592 367 710 430 dextrae
732 370 810 449 peti;

107 452 214 514 iterum
236 451 363 513 miseriis
384 452 525 530 angulum
548 469 582 512 ac
604 453 704 514 sedem
726 471 800 532 rogo

107 536 292 616 latebrasque
312 535 399 596 viles:
423 536 496 597 urbe
518 535 543 597 si
566 536 635 615 pelli
658 539 763 618 placet,

108 621 194 682 detur
215 628 347 682 remotus
370 619 476 700 aliquis
498 620 529 681 in
553 620 653 699 regnis
679 623 773 713 locqs.

108 724 153 767 cn.
218 706 285 767 Non
308 724 373 768 esse
395 724 442 767 me
466 706 516 785 qui
539 716 655 784 sceptra
677 708 824 771 violentus
848 727 945 788 geram
990 732 994 743 ·

108 809 164 852 nec
186 791 238 869 qui
260 791 390 871 superbo
413 791 546 852 miserias
569 791 678 853 calcem
700 793 785 873 pede,

108 883 231 937 testatus
254 876 390 956 equidem
412 875 514 937 videor
535 876 613 937 lraud
636 876 713 940 clare
735 897 840 958 parurn

109 977 251 1040 generum
275 960 391 1022 exulem
414 960 538 1040 legendo
562 973 591 1022 et
612 962 752 1025 alilictum
777 971 806 1024 et
828 964 906 1042 gravi

108 1053 222 1108 terrore
244 1046 389 1126 pavidum,
413 1046 525 1125 quippe
547 1063 635 1124 quem
657 1065 771 1128 poenae
798 1048 908 1129 expetit

108 1129 228 1210 letoque
251 1133 374 1212 Acastus
397 1149 487 1210 regna
510 1130 678 1193 Thessalica
701 1133 850 1214 optinens.

109 1216 192 1276 senio
216 1222 390 1278 trementem
413 1214 501 1277 debili
523 1223 611 1295 atque
634 1236 703 1278 aevo
728 1237 844 1298 gravem

108 1309 222 1381 patrem
244 1308 432 1381 peremptum
455 1301 590 1380 queritur
612 1308 642 1361 et
663 1304 741 1365 caesi
763 1304 844 1365 senis

110 1385 230 1447 discissa
253 1385 393 1461 membra,
417 1405 485 1447 cum
507 1386 574 1446 dolo
599 1397 700 1467 captae
721 1396 773 1451 tuo

109 1470 175 1550 piae
197 1489 315 1532 sorores
337 1471 461 1551 impium
482 1471 624 1532 auderent
646 1474 737 1534 uelas.
802 1531 804 1538 .

109 1562 207 1636 potest
228 1555 325 1631 lason,
348 1557 373 1618 si
394 1565 474 1618 tuam
499 1574 616 1617 causam
638 1575 764 1634 amoves,

110 1659 192 1702 suam
214 1641 308 1703 tueri:
332 1642 433 1702 nullus
455 1642 618 1702 innocuum
643 1660 732 1703 cruor

111 1726 328 1801 contaminavit,
352 1727 425 1788 aluit
445 1728 525 1788 ferro
547 1745 653 1787 manus

110 1812 275 1890 proculque
297 1820 393 1872 vestro
416 1830 511 1891 purus
533 1829 548 1871 a
571 1821 657 1873 coetu
680 1811 769 1872 stetit.

110 1903 152 1970 tu,
176 1904 208 1956 tu
230 1896 375 1957 malorum
397 1897 590 1958 machinatrix
612 1896 787 1972 facinorum,

110 1981 236 2042 leminea
259 1982 307 2043 cui
329 1982 461 2060 nequitia
482 1982 517 2043 ad
540 1982 673 2043 audenda
696 1981 804 2056 omnia,

110 2065 203 2127 robur
225 2065 307 2127 virile
330 2075 385 2147 est,
408 2067 488 2128 nulla
509 2068 602 2128 famae
624 2066 775 2140 memoria,

111 2151 261 2231 egredere,
284 2169 377 2231 purga
400 2170 500 2231 regna,
524 2152 625 2213 letales
648 2151 735 2212 simul

110 2245 208 2297 tecum
231 2237 315 2298 aufer
336 2237 452 2312 herbas,
474 2236 566 2298 libera
589 2238 666 2298 cives
688 2243 780 2310 metu,

111 2320 165 2382 alia
188 2321 294 2382 sedens
316 2322 423 2384 tellure
445 2321 569 2383 sollicita
592 2323 672 2384 deos.

110 2424 179 2467 666.
245 2406 407 2484 Profugere
430 2405 534 2485 cogis?
563 2407 653 2469 redde
675 2404 801 2484 fugienti
824 2411 915 2465 ratem

111 2499 140 2552 et
161 2490 251 2551 redde
275 2491 411 2553 comitem
433 2493 600 2570 -sugere
622 2509 677 2553 cur
698 2491 791 2556 solam
813 2486 920 2550 iubes?

111 2593 173 2636 non
196 2576 258 2636 sola
279 2570 372 2637 venis
401 2577 475 2638 bella
498 2576 523 2637 si
545 2576 653 2638 metuis
675 2576 746 2656 pati,

110 2669 271 2740 utrumque
293 2679 386 2739 regno
408 2662 495 2741 pelle.
540 2669 716 2723 cursantes
739 2660 814 2721 duos

111 2743 290 2823 distinguis?
316 2746 358 2807 illi
380 2746 469 2820 Pelia,
492 2765 554 2808 non
578 2747 664 2807 nobis
686 2747 774 2818 iacet;

110 2832 219 2909 fugam,
242 2831 361 2911 rapinas
383 2832 474 2908 adice,
498 2831 648 2892 desertum
671 2839 785 2910 patrem

110 2914 300 2997 lacerumque
321 2916 452 2990 fratrem,
475 2916 619 2996 quidquid
642 2916 728 2978 etiam
750 2933 833 2977 nunc
855 2932 944 2974 novas

111 3001 197 3063 docet
217 3003 340 3064 maritus
363 3003 515 3080 coniuges,
538 3020 599 3063 non
623 3008 676 3063 est‘
690 3017 804 3061 meum:

110 3087 220 3151 totiens
242 3106 354 3148 nocens
376 3105 442 3149 surn
465 3088 549 3164 sacta,
573 3087 623 3148 sed
647 3102 810 3164 numquam
831 3083 912 3144 milri.

111 3192 156 3234 ca.
206 3171 281 3233 'lam
305 3171 528 3233 exissedecuit.
573 3170 643 3250 quid
666 3171 740 3231 seris
766 3170 853 3231 lando
876 3165 995 3229 moras?

110 3277 179 3319 uno.
224 3257 356 3338 Supplex
378 3257 520 3318 recedens
543 3256 616 3317 illud
639 3262 804 3316 extremum
827 3271 943 3334 precor,

195 3410 245 3461 246
264 3408 355 3474 suplex
367 3406 397 3460 Ii.
414 3435 447 3446 -
467 3406 554 3458 dextra
566 3406 614 3457 ΕΕ
672 3407 721 3458 249
741 3410 832 3456 terram
851 3418 879 3455 ac
897 3401 996 3455 miseris
1013 3399 1037 3452 lt
1053 3402 1121 3452 terra
1139 3398 1187 3451 hac

110 3476 218 3530 miseriis
237 3477 261 3527 A
279 3481 370 3528 terrum
388 3475 496 3527 miseriis
508 3475 533 3525 Ε
552 3477 668 3526 correct.
685 3502 719 3511 -
737 3477 763 3524 et
775 3472 862 3524 sedern
876 3471 924 3522 ΕΑ
992 3472 1042 3524 252
1060 3467 1187 3520 violenter

110 3547 136 3596 A
203 3547 254 3597 254
272 3543 348 3595 video
371 3542 456 3595 autll
524 3546 574 3596 255
592 3539 763 3594 adflictumll
787 3539 924 3592 afflictum:
947 3555 965 3590 u
989 3553 1024 3588 0oe
1047 3537 1144 3589 e1m.
1162 3534 1187 3586 Ε

110 3616 160 3666 256
179 3612 275 3678 quippe
294 3627 370 3678 quern
387 3611 410 3662 Il
427 3611 523 3680 quippe
541 3626 591 3662 om.
610 3610 635 3661 Ε
653 3609 748 3677 quippe
765 3612 792 3659 te
810 3608 835 3659 A
908 3609 957 3660 266
976 3605 1083 3659 discisca
1101 3603 1135 3657 Ε.
1152 3630 1187 3684 ‘.

110 3684 217 3747 coeptae
234 3680 260 3730 Ε
323 3683 371 3732 263
391 3678 478 3733 nullus
497 3682 554 3744 (sie)
572 3675 737 3730 innocuusli
801 3679 851 3730 266
869 3674 915 3727 aed
937 3673 1008 3727 tuA
1077 3674 1126 3726 262
1146 3685 1186 3723 cur

110 3747 219 3800 feminae
236 3747 259 3798 ll
276 3747 317 3799 cui
335 3748 443 3800 leminea
455 3749 505 3800 ΕΑ
523 3745 773 3798 corracitBotlu'us.
792 3772 826 3781 -
844 3741 995 3795 audendalt
1005 3747 1032 3794 ot
1040 3740 1074 3809 Ε,
1091 3737 1186 3819 sedda

110 3817 170 3869 2m.
190 3831 225 3866 66
242 3814 274 3867 de
302 3815 481 3869 audendumA
550 3816 599 3867 266
618 3813 690 3864 virile
706 3811 784 3863 robur
800 3812 863 3876 (om.
878 3815 926 3874 est)
943 3812 968 3863 A
1031 3811 1081 3862 222
1098 3812 1186 3860 raum:

110 3885 191 3936 icon
209 3882 324 3935 certoll
376 3887 425 3938 223
443 3884 485 3936 vel
505 3880 582 3935 redde
600 3882 675 3933 codd.
695 3894 753 3931 cum
769 3877 914 3930 Acerram·
965 3881 1016 3932 226
1033 3876 1118 3931 Pelias
1136 3874 1188 3939 Ες

101 3955 158 4007 278
172 3967 244 4005 nunc
259 3955 321 4005 nota
339 3951 367 4004 Ε
434 3955 484 4007 229
503 3964 629 4005 conuoces
646 3949 671 3999 Ε
