2580 4366
476 220 514 264 nu
536 220 638 265 conten
659 198 795 265 nrnrsco.
1128 209 1166 272 31

197 367 308 450 denique
330 389 420 451 quem
441 389 533 451 supra
554 371 639 432 omisi
661 372 759 433 locum
782 372 897 451 inspice
919 375 970 454 qui
994 385 1039 438 est
1055 375 1168 438 Phoen.

63 504 65 519 ,
137 452 185 515 550.
217 455 251 516 ihi
272 464 340 517 ante
364 455 545 517 Gronovium
566 456 734 535 legebatur:

501 540 647 603 torosior
671 546 812 606 onerosus

246 636 271 686 et
287 625 416 705 populus
437 629 529 687 omnis
550 638 578 688 et
597 637 719 707 utroque
739 626 791 689 doe
811 630 883 690 vidit
903 646 994 691 soror.

130 704 207 768 nalum
225 717 340 771 versum
363 727 425 770 non
447 710 589 772 Senecam
611 712 785 790 procudisse
801 711 968 776 Gronovius
983 713 1084 775 docuit
1099 731 1166 775 cum

129 787 183 852 hanc
198 793 307 855 Etrusci
328 794 506 874 scripturam
532 795 672 874 protulit:

244 878 295 940 ios
314 883 458 959 utrimque
476 879 602 961 populos
624 885 724 956 omnis,
746 881 796 943 doc
817 883 888 944 uidit
909 900 1001 944 soror.

128 958 162 1035 qni
183 968 268 1024 tamen
297 982 358 1024 non
387 964 493 1026 melior
519 982 622 1026 versus
651 973 705 1026 est.
749 973 837 1045 atque
865 965 943 1027 aliud
974 966 1111 1045 quiddam
1133 969 1164 1028 in

126 1039 219 1109 Etrusco
239 1048 297 1127 legi
318 1048 407 1109 fidem
429 1050 499 1111 iecit
520 1048 555 1109 N.
571 1048 711 1110 Heinsius
732 1050 816 1128 (ddv.
838 1069 868 1130 p.
886 1052 949 1128 58),
972 1050 1128 1112 nimirum:

242 1132 292 1194 doc
309 1133 435 1213 populos
456 1136 548 1197 omnis
570 1140 721 1215 utrimque,
743 1133 795 1197 doc
816 1135 888 1198 vidit
908 1153 1000 1197 soror.

126 1225 219 1286 quorum
232 1226 391 1297 utrumque
407 1237 522 1280 errasse
534 1236 568 1279 ex
580 1218 711 1280 Richteri
724 1219 853 1281 editione
863 1220 1028 1291 didicimus.
1052 1219 1165 1300 quippe
1223 1233 1225 1238 ’

123 1296 205 1361 cuam
226 1302 403 1382 scripturam
424 1311 549 1366 testatus
571 1311 616 1364 est
638 1303 689 1382 qui
712 1305 775 1366 cius
797 1304 828 1365 in
852 1323 939 1366 usum
962 1304 1093 1366 codicem
1112 1323 1163 1366 ex-

124 1383 199 1444 cussit:

240 1481 266 1532 et
282 1471 409 1552 populus
430 1475 524 1534 omnis
544 1482 694 1551 utromque
715 1471 765 1534 doc
786 1475 858 1535 vidit
878 1492 971 1536 soror.

121 1549 208 1630 scripsit
228 1565 326 1617 autem
349 1555 507 1618 Richterus
530 1573 565 1615 ex
586 1556 721 1617 Muelleri
744 1558 931 1619 coniectura:

121 1714 125 1724 Ι
238 1637 289 1702 doc
306 1641 432 1720 populus
451 1643 595 1720 clamque
617 1645 717 1714 omnis,
740 1642 790 1705 doc
811 1644 883 1705 uidit
902 1661 994 1705 soror.

119 1733 157 1779 tan
174 1724 236 1802 quid
258 1725 355 1786 tribus
376 1725 500 1787 testibus
523 1724 612 1786 iacias
635 1743 761 1805 quorum
778 1727 879 1788 nullus
895 1745 962 1789 cum
977 1726 1161 1805 reliquorum

118 1799 226 1870 altcmtro
255 1810 405 1871 consentit
432 1820 462 1873 et
490 1805 569 1871 unus
598 1811 724 1890 quisque
752 1811 891 1873 lectorem
921 1811 1042 1890 proprio
1069 1817 1161 1871 marte

117 1883 185 1952 tulit?
210 1893 352 1956 nimirum
380 1902 516 1974 quartum
545 1894 655 1973 aliquid
685 1913 718 1956 re
746 1914 814 1957 vera
843 1896 873 1957 in
896 1895 1022 1957 Etrusco
1053 1895 1163 1974 legitur

116 1976 171 2047 quod
190 1990 245 2040 est:

236 2061 288 2125 doc
304 2063 432 2144 populos
453 2066 554 2126 ononis.
598 2074 749 2146 utromque
769 2065 820 2126 doc
840 2066 912 2127 vidit
933 2082 1025 2130 soror.

115 2144 171 2207 tude
189 2147 266 2229 quod
288 2165 391 2209 verum
413 2157 458 2210 est
480 2148 575 2210 statim
599 2149 704 2211 elucet.
736 2168 844 2229 nempe
859 2149 958 2228 Argivi
979 2157 1161 2230 spectatores

113 2226 206 2294 ninime
226 2241 354 2312 tangunt
376 2233 534 2307 locastam;
558 2252 633 2313 quae
656 2234 743 2297 dixit:

235 2318 286 2380 doc
303 2317 428 2398 populus
450 2323 552 2394 omot's,
574 2329 696 2399 utraque
717 2319 768 2380 loc
788 2319 860 2381 vidit
881 2337 973 2381 soror.

112 2398 169 2472 qlod
193 2401 262 2463 dum
292 2404 424 2464 codicem
448 2411 541 2464 tracto
566 2403 681 2477 inveni,
711 2404 788 2464 hanc
810 2403 963 2482 gloriolam
986 2413 1158 2482 occupatam

111 2493 156 2543 tlte
174 2495 245 2548 tunc
267 2487 427 2566 ignorans:
450 2505 630 2568 magnopere
651 2487 754 2567 utique
776 2488 940 2550 laudandus
959 2496 1003 2549 est
1019 2488 1158 2549 hocloco

110 2557 226 2648 Psipems
255 2572 307 2652 qui
336 2590 438 2634 verum
466 2573 537 2634 vidit
562 2573 674 2653 (suppl.
698 2573 789 2654 prael.
813 2593 843 2652 p.
866 2575 918 2648 33)
942 2583 1099 2653 antequam
1122 2573 1159 2633 de

110 2662 156 2713 teta
175 2655 292 2718 Etrusci
313 2657 460 2738 scriptura
483 2658 605 2719 edoctus
628 2666 714 2719 esset.

170 2740 214 2801 his
227 2741 303 2802 locis
318 2760 386 2803 cum
401 2742 498 2804 adhuc
512 2741 624 2804 inscius
640 2742 756 2804 lallatur
775 2741 905 2819 criticus,
929 2742 1063 2804 omnium
1078 2750 1157 2803 certe

109 2826 245 2899 aegerrime
274 2827 302 2887 ei
330 2827 469 2888 feruntur
495 2827 571 2904 loci,
600 2828 631 2887 in
654 2827 763 2907 quihus
786 2827 863 2888 inter
884 2827 970 2906 plura
993 2828 1029 2888 de
1055 2827 1159 2888 codice

108 2905 248 2972 testimonia
271 2911 352 2992 optio
376 2913 440 2973 data
456 2920 509 2974 est.
546 2912 648 2990 quales
663 2930 730 2973 cum
752 2912 926 2991 frequenter
946 2912 976 2973 in
999 2911 1157 2974 novissima

109 2985 211 3057 editione
241 2996 444 3071 inveniantur,
475 3015 536 3058 non
561 2996 672 3075 ubique
694 2996 799 3058 accidit
821 2997 900 3076 quod
924 2998 955 3057 in
978 2997 1045 3058 loco
1068 3015 1156 3077 quem

107 3077 172 3139 uolo
191 3080 378 3143 tractavimus
399 3081 512 3143 scilicet
530 3090 563 3142 ut
577 3089 667 3142 testes
680 3082 745 3143 falsi
761 3081 822 3142 siut
836 3082 964 3156 omnes,
980 3097 1156 3161 quamquam

108 3165 182 3224 amnt
207 3164 329 3241 similia,
359 3175 393 3228 ut
420 3165 473 3227 ΗΟ
499 3167 576 3231 1791
606 3176 682 3246 petet
706 3167 740 3227 N.
761 3166 920 3244 Heinsius,
945 3170 1008 3246 peti
1033 3166 1156 3226 Peterus

108 3245 213 3324 untur,
232 3255 306 3330 petit
328 3251 358 3311 in
376 3250 502 3313 Etrusco
524 3251 643 3330 legitur,
666 3260 699 3313 ut
720 3251 790 3313 ibid.
804 3255 892 3316 ,1403
915 3250 1025 3330 alipon'd
1039 3249 1155 3310 Grono-

107 3323 160 3420 lt'tts,
179 3334 269 3414 aliqui
289 3333 422 3413 Peterus‚
445 3338 560 3417 aliquod
575 3337 719 3398 Etruscus
741 3336 871 3433 praebet.
902 3342 931 3395 at
945 3333 1063 3413 saepius
1078 3334 1155 3394 acci-

108 3405 163 3477 isse
175 3427 406 3483 consentaneum
422 3431 468 3482 est
482 3429 515 3482 ut
529 3418 670 3483 alteruter
683 3428 803 3482 testium
818 3421 903 3482 tidem
927 3437 987 3481 non
1009 3419 1154 3481 lelellerit.

108 3501 138 3572 et,
155 3505 289 3582 quoniam
310 3505 389 3567 inter
409 3504 591 3568 Gronovium
612 3506 790 3586 plerumque
812 3512 841 3566 et
862 3505 1000 3566 Peterum
1026 3524 1074 3567 res
1101 3512 1154 3580 est,

107 3577 170 3652 liora
187 3589 306 3668 quidem
329 3599 399 3653 sont
420 3592 450 3652 in
474 3592 582 3671 quibus
605 3590 771 3651 Gronovius
792 3590 898 3650 falsum
921 3589 1048 3666 tradidit,
1076 3589 1153 3650 haud

108 3674 155 3763 ltro
172 3680 267 3738 tamen
290 3675 327 3737 de
342 3676 447 3737 Petero
470 3677 569 3739 eiusve
591 3675 709 3737 silentio
733 3675 870 3754 superior
891 3675 1023 3737 discedit.
1063 3691 1154 3753 quare

107 3759 180 3905 ξζιῗο
203 3760 270 3822 loco
302 3780 335 3823 ea
363 3779 509 3842 ponemus
537 3763 568 3823 in
601 3760 708 3841 quibus
730 3759 870 3821 Grouovii
897 3761 984 3822 fidem
1007 3759 1153 3820 Etruscus

133 3852 194 3905 Oai.

137 3919 174 3988 Hi·
193 3932 252 3995 527
278 3941 320 3994 est
340 3940 381 3993 est
400 3935 511 3994 sonitus
532 3929 666 3992 Herculei
685 3931 791 4008 prodeo
813 3930 916 4006 (idest
937 3927 1013 4013 Pet.)
