2580 4366
519 240 693 286 Puonntssntt

69 392 142 471 quin
165 391 230 471 ipse
251 391 341 454 lrater
362 410 442 454 arma
465 393 620 455 comitatus
642 403 693 456 tua

68 476 121 537 tibi
144 474 290 538 militabit.
333 477 405 539 vade
428 486 458 539 et
479 478 508 539 id
530 476 641 539 bellum
667 495 738 556 gare

68 562 99 622 in
124 578 183 639 quo
207 568 291 640 pater
312 569 465 641 materque
487 563 632 642 pugnanti
653 562 707 625 tibi

67 646 166 707 lavere
188 645 313 726 possint.
359 664 450 725 regna
471 666 539 709 oum
562 646 674 710 scelere
697 645 834 709 omnibus

68 738 140 792 sunt
162 731 244 792 exilis
267 731 409 809 graviora.
454 751 536 794 nuno
558 732 627 794 belli
649 732 725 794 mala

68 835 215 896 propone,
239 815 342 878 dubias
364 816 466 878 Martis
488 817 595 878 incerti
616 817 709 878 vices:

67 901 139 962 licet
160 919 248 962 omne
269 909 366 963 tecum
390 901 527 964 Graeciae
550 902 643 964 robur
664 902 771 976 nahas,

68 986 138 1047 licet
160 1003 240 1047 armo
261 985 352 1065 longe
374 986 459 1049 miles
480 1006 514 1049 ao
535 986 593 1049 late
615 987 750 1067 explicet,

69 1072 189 1132 lortnna
211 1070 280 1131 belli
302 1089 420 1152 semper
442 1072 563 1152 ancipiti
584 1072 616 1132 in
639 1073 705 1133 loco
728 1079 790 1133 est·

69 1155 278 1235 quodcumque
300 1155 379 1217 Mars
401 1157 550 1219 decernit:
574 1152 715 1236 exaequat
738 1156 823 1230 duos,

67 1240 137 1303 licet
158 1240 287 1321 impares
309 1241 378 1317 sint,
402 1241 531 1320 gladius3
555 1252 584 1304 et
606 1261 675 1322 spes
697 1249 728 1304 et
746 1247 844 1303 metus

67 1325 143 1387 Fors
166 1343 251 1387 caeca
271 1334 376 1387 versat.
420 1326 583 1407 praemium
605 1327 753 1390 incertum
775 1324 861 1407 petis,

69 1418 183 1472 certum
206 1410 312 1473 scelus.
356 1411 462 1473 lavisse
482 1412 529 1474 lac
550 1411 625 1474 votis
646 1411 718 1473 deos

70 1513 174 1556 omnes
195 1495 272 1558 tuis:
296 1513 412 1558 cessere
435 1504 464 1557 et
477 1497 579 1558 aversi
601 1498 699 1574 lugam
796 1528 799 1535 ·

69 1580 182 1661 petiere
204 1581 293 1656 cives,
316 1581 397 1643 clade
419 1583 535 1644 funesta
557 1581 657 1643 iacens

70 1665 181 1726 obtexit
201 1684 288 1745 agros
310 1666 395 1727 miles
416 1700 459 1712 -
481 1666 594 1728 exultes
616 1667 687 1727 licet

67 1751 221 1829 victorque
244 1751 343 1812 lratris
363 1751 458 1830 spolia
479 1750 586 1813 deiecti
608 1768 707 1829 geras:

69 1835 231 1913 frangenda
252 1837 348 1915 palma
371 1844 426 1897 est.
471 1835 557 1914 quale
580 1843 613 1896 tn
634 1837 693 1896 hoc
713 1833 823 1896 bellum
841 1841 941 1915 putas,

69 1920 100 1982 in
124 1938 184 1999 quo
207 1920 404 1982 execrandum
426 1920 521 1982 victor
542 1921 668 1981 admittit
689 1920 782 1995 nefas,

69 2005 95 2066 si
119 2003 246 2082 gaudet?
269 1997 351 2066 hun'o
373 2024 461 2084 quem
483 2005 602 2067 vincere
624 2002 728 2066 infelix
749 2003 844 2085 cupis,

71 2108 138 2151 cum
161 2090 276 2164 viceris,
300 2090 424 2169 lugebis.
468 2088 610 2151 infaustas
633 2107 687 2169 age

70 2174 183 2237 dimitte
204 2192 329 2255 pugnas,
352 2175 444 2236 libera
465 2175 588 2254 patriam
610 2182 702 2249 metu,

67 2259 153 2321 luctu
176 2267 323 2339 parentes.
388 2278 453 2320 ron.
497 2259 624 2322 Sceleris
647 2267 676 2322 et
697 2259 809 2321 lraudis
831 2276 901 2320 suae

68 2363 181 2424 poenas
204 2344 349 2405 nefandus
372 2345 461 2406 lrater
482 2352 516 2405 ut
538 2344 634 2406 nullas
656 2341 751 2409 ferat?

69 2447 125 2489 roc.
170 2430 212 2491 Ne
234 2438 343 2491 metue.
387 2447 498 2509 poenas
521 2438 550 2492 et
572 2429 691 2510 quidem
713 2428 807 2490 solvet
828 2446 945 2508 graves:

68 2513 213 2591 regnabit.
258 2522 303 2576 est
324 2514 397 2576 baec
418 2532 524 2593 poena.
569 2516 595 2575 si
618 2512 743 2588 dubitas,
766 2531 818 2574 avo

68 2598 206 2678 patrique
229 2598 332 2659 crede:
357 2598 482 2673 Cadmus
504 2599 562 2659 hoc
584 2598 661 2660 dicet
682 2597 736 2659 tibi

69 2683 229 2763 Cadmique
252 2683 363 2764 proles.
408 2691 523 2763 sceptra
547 2683 688 2745 Thebano
710 2681 767 2758 luit

67 2769 192 2848 impune
214 2768 289 2830 nulli
312 2787 426 2847 gerere,
448 2786 504 2829 nec
527 2768 683 2848 quisquam
705 2766 763 2828 fide

68 2860 156 2933 rupta
177 2852 290 2914 tenebit
312 2853 376 2914 illa:
400 2854 457 2914 iam
480 2871 619 2914 numeres
642 2853 710 2913 licet

68 2940 190 3000 lratrem
213 2938 292 3000 inter
314 2938 396 2999 istos.

337 3070 536 3134 ETEOCLES

437 3173 593 3247 Numeret,
617 3179 661 3233 est
682 3169 755 3231 tanti
777 3167 851 3229 mihi

70 3276 139 3320 curn
161 3257 281 3337 regibus
304 3258 410 3320 iacere.
455 3267 483 3320 te
505 3257 609 3319 turbae
632 3255 751 3317 exulum

69 3342 195 3405 ascribo.
260 3362 317 3408 roc.
361 3344 473 3423 Regna,
496 3340 656 3403 dummodo
679 3339 791 3401 invisus
812 3337 882 3401 tuis.

156 3495 203 3572 631
223 3492 308 3559 gladio
326 3493 352 3544 Ε
388 3560 392 3572 Ι
420 3496 470 3547 632
488 3507 543 3544 sors
561 3491 638 3543 codd.
658 3490 777 3568 correap't
794 3485 829 3540 Ν.
847 3486 974 3537 Heinsius
991 3483 1052 3537 adu.
1064 3484 1145 3559 ΜΟ.

68 3563 187 3681 tollit
194 3559 569 3694 0512.o‘{lltll¹.·¹⁰3tl.⁸ll⁸t>⁸
627 3554 864 3679 til⁸llb¹⁶oll¹
919 3551 1194 3685 addidicit-41

69 3695 224 3758 (Thebarum
243 3698 385 3762 Aventius)
456 3699 505 3750 649
523 3696 586 3763 lmp.
606 3699 703 3760 n.g.ct
718 3693 771 3744 Nec
788 3708 814 3759 q.
828 3688 974 3755 faingclic
989 3688 1110 3741 versibus
1142 3694 1176 3757 5¹,

70 3766 120 3818 656
144 3763 249 3816 tenebat
272 3765 304 3816 A.
331 3794 366 3803 -
389 3780 520 3817 numeres:
544 3778 572 3815 es
598 3764 664 3814 lm.
689 3777 723 3813 on
746 3760 768 3811 is
793 3759 817 3809 Ε
841 3816 845 3823 ,
903 3759 952 3810 651
977 3756 1051 3811 istos.
1084 3768 1144 3821 ppt..

70 3847 175 3885 numero
201 3835 226 3883 et
250 3837 290 3884 est
310 3832 387 3886 codd.
406 3837 527 3884 conenit
548 3831 579 3883 B,
598 3829 761 3883 Schmidtiuo
779 3827 811 3878 dc
828 3842 876 3877 cm.
896 3825 957 3877 Scn.
975 3831 1047 3890 trag.
1063 3840 1091 3891 p·
1108 3822 1150 3879 201
1157 3842 1163 3865 -·

68 3903 119 3954 652
138 3900 344 4018 iacerebetssurbi
362 3900 464 3953 exulum
483 3901 517 3953 ld.
535 3929 569 3938 —
587 3903 613 3951 te
631 3902 650 3951 t.
669 3912 691 3952 e.
710 3902 736 3948 et
751 3911 775 3950 v.
793 3897 843 3949 653
861 3894 983 3946 locastae
1001 3893 1102 3947 ἀπίων
1117 3888 1146 3949 A

68 3970 119 4022 653
137 3967 243 4021 asserii

919 4046 957 4100 *l*
