2602 4380
108 227 148 301 88
466 242 512 297 ,αα
525 241 712 284 rnasoulavu
734 240 825 283 nonis.

193 394 250 457 iam
268 411 337 454 vero
352 392 516 463 videndum
526 398 572 452 est
586 391 657 471 quid
673 391 729 453 bac
744 390 944 469 disputatione
958 390 1064 452 lucrati
1080 391 1177 453 simus.

108 498 142 541 ac
163 478 292 558 primum
316 477 436 556 quidem
457 477 602 556 sequitur,
630 476 681 537 ubi
711 477 747 537 de
773 493 901 554 persona
923 476 972 537 cui
994 494 1178 539 versus-ser·

107 581 192 626 move
213 563 391 626 tribuendus
413 561 451 623 sit
466 562 608 623 dubitatio
625 561 747 636 oriatur,
770 560 798 621 id
814 579 876 638 nou
892 560 928 621 ad
943 579 1067 631 scaenae
1082 560 1180 623 titulos

109 647 285 726 exigendum
309 666 391 709 esse:
415 665 491 743 quos
513 647 565 726 qui
588 646 721 709 adiecit
714 664 779 726 ipse
801 645 843 706 eis
865 663 898 706 se
921 646 1067 725 adplicare
1082 645 1181 708 debuit

109 752 183 813 quae
205 731 339 795 versibus
362 731 504 811 iuscripta
525 732 680 810 reperiret.
715 738 803 810 atque
825 730 880 791 hac
901 748 1022 810 quoque
1043 730 1075 793 in
1098 749 1132 793 re
1147 748 1181 793 eo

108 812 255 897 exemplo
274 813 419 896 defungar
445 836 462 877 a
489 836 548 896 quo
571 816 696 914 proiecti
719 834 832 877 sumus.
877 835 945 877 nam
968 815 1047 896 quod
1067 815 1182 878 Pboou

108 905 218 967 403
230 905 292 966 406
315 911 345 964 et
367 905 476 965 414-
487 903 603 965 419'111
626 900 653 961 n
673 919 734 964 non
757 900 931 962 tribuuntur
952 901 1128 980 Antigonae,
1154 900 1181 961 id

108 1005 231 1049 scaenae
258 987 356 1049 iudice
384 987 552 1049 confirmari
585 986 699 1049 videtur
731 986 783 1064 qui
817 985 881 1048 eius
915 1004 1025 1050 nomeu
1059 985 1182 1048 omnino

109 1073 225 1134 omittit.
269 1091 303 1133 ac
324 1072 420 1151 possit
435 1072 571 1133 existere.
590 1071 641 1151 qui
663 1071 693 1132 id
714 1081 794 1132 recte
816 1071 925 1132 iactum
948 1071 1062 1150 istaque
1085 1071 1184 1133 omnia

108 1156 225 1229 satelliti
248 1156 449 1218 continuanda
473 1175 538 1219 esse
560 1156 714 1236 opinetur:
738 1174 806 1217 nam
822 1155 901 1234 quod
917 1175 942 1215 v.
958 1157 1021 1221 403
1032 1174 1141 1236 pareas
1155 1164 1185 1220 ct

109 1244 170 1306 406
192 1253 285 1304 mater
306 1242 423 1322 legitur,
447 1242 600 1303 satellitem
618 1259 738 1320 quoque
755 1259 780 1300 v.
797 1242 859 1304 402
875 1240 914 1302 ita
930 1240 1028 1320 loqui:
1051 1252 1079 1303 et
1092 1244 1184 1322 impia

109 1345 191 1389 arma
213 1335 305 1388 mater
327 1330 455 1407 opposita
476 1328 590 1407 impedi.
635 1326 687 1388 sed
715 1327 773 1386 hoc
801 1325 885 1386 aliter
912 1325 944 1386 in
970 1325 1098 1396 Etrusco
1126 1323 1185 1404 legi

109 1431 200 1491 supra
215 1411 327 1472 monui.
357 1419 508 1490 praeterea
523 1412 692 1475 414-419
711 1409 880 1473 continuari
897 1411 1027 1477 locastae
1041 1410 1183 1483 oabemu

109 1497 160 1558 sed
183 1498 209 1557 ei
233 1515 295 1557 non
317 1497 455 1557 convenit
477 1496 555 1557 acies
571 1497 744 1591 prospicere
760 1503 789 1556 et
804 1513 879 1574 quae
894 1514 950 1574 pro
966 1495 1060 1556 muris
1079 1513 1185 1574 geran-

109 1591 159 1643 tur
186 1582 307 1642 reterre.
351 1581 424 1642 laiso
452 1580 543 1658 igitur
570 1581 603 1641 in
624 1579 651 1640 Ε
671 1580 836 1658 Antigonae
864 1598 992 1658 persona
1015 1579 1108 1647 eiecta
1131 1587 1186 1655 est,

109 1673 189 1728 recte
212 1666 282 1727 iud
305 1667 449 1741 restituta,
473 1665 644 1727 coniectura
661 1683 737 1726 exv.
754 1667 815 1728 403
827 1683 914 1744 perpe
928 1683 944 1725 α
956 1683 1106 1744 porease.
1119 1683 1149 1745 q.
1161 1683 1185 1725 a

110 1750 187 1811 facili
210 1758 238 1811 et
261 1751 323 1810 iere
345 1750 519 1812 necessaria
554 1750 605 1829 qui
628 1750 658 1810 in
680 1749 708 1809 Ε
728 1748 838 1811 codicis
860 1768 970 1829 proavo
992 1767 1117 1811 scaenae
1138 1750 1186 1811 in·

110 1835 204 1896 dicem
227 1834 347 1914 scripsit
365 1835 573 1913 Antigonam
565 1853 623 1896 ram
647 1853 707 1895 non
730 1833 844 1896 invenit
866 1844 895 1895 et
916 1835 1038 1897 fortasse
1061 1835 1091 1895 id
1114 1853 1186 1897 cou-

109 1920 210 1983 venire
233 1919 354 1999 putabat
376 1922 545 1999 Antigonae
564 1938 632 1980 cum
656 1916 801 1998 Oedipo
793 1937 825 1979 ru
848 1917 1024 1982 Cithaerone
1047 1918 1187 1982 moranti.

196 2023 264 2065 uam
287 2004 414 2065 eundem
436 2005 487 2083 qui
509 2004 622 2066 indices
640 2004 712 2064 istos
729 2004 897 2083 composuit
913 2014 941 2076 et
954 2003 1188 2069 Phoenissamm

112 2107 221 2151 nomen
251 2089 512 2157 declamationibus
541 2089 577 2150 de
608 2088 722 2168 Oedipo
751 2095 780 2150 et
809 2088 867 2149 filia
897 2089 992 2168 dequo
1016 2088 1130 2164 Iocasta
1158 2097 1190 2151 et

110 2174 179 2237 filiis
200 2174 232 2234 in
255 2191 348 2235 uuum
372 2173 540 2235 coniunctis
559 2173 748 2252 inscripsisse
763 2174 902 2236 audacius
917 2175 1043 2237 tortasse
1057 2175 1110 2237 sed
1125 2192 1187 2237 non

111 2260 176 2325 sine
198 2257 403 2336 probabilitate
426 2258 564 2320 conicere
586 2257 658 2319 mihi
680 2258 790 2319 videor.
821 2269 900 2320 certe
919 2277 994 2320 novo
1010 2267 1188 2338 argumento

111 2343 303 2404 confirmatur
331 2342 489 2405 editionem
520 2343 606 2406 cuius
636 2343 780 2404 Etruscus
810 2343 957 2423 exemplar
987 2351 1032 2405 est
1059 2362 1122 2406 uon
1152 2361 1188 2407 ex

110 2427 206 2508 ipsius
227 2427 358 2489 Senecae
385 2446 476 2489 manu
504 2429 535 2488 in
562 2429 658 2489 lucem
680 2427 827 2507 prodiisse
848 2428 900 2490 sed
922 2429 1044 2491 alterius
1065 2447 1188 2491 manum

110 2530 226 2593 passam
250 2530 324 2573 esse.
368 2530 444 2590 quae
467 2530 534 2575 cum
557 2512 688 2592 singulas
711 2512 824 2574 fabulas
847 2513 878 2573 iu
904 2532 997 2576 unum
1021 2514 1188 2593 conligeret

112 2604 192 2658 certe
215 2596 345 2659 externis
365 2606 478 2659 tantum
502 2597 592 2660 rebus
607 2597 786 2659 adornandis
801 2615 922 2677 operam
938 2598 1031 2671 dedit;
1055 2598 1189 2678 singulas

111 2683 190 2743 enim
214 2682 286 2761 quin
304 2682 416 2742 Seneca
439 2683 595 2762 separatim
617 2683 699 2745 vivus
714 2682 838 2743 ediderit
854 2701 914 2745 uon
929 2682 1048 2751 videtur
1063 2683 1188 2745 dubium

110 2785 177 2828 esse
200 2776 229 2827 et
251 2767 442 2828 confirmatur
472 2768 586 2845 aequali
618 2768 680 2829 iera
708 2767 878 2829 testimonio
901 2767 1075 2865 Quintiliani
1099 2768 1188 2844 (Vlll,

111 2853 149 2928 3,
173 2853 243 2927 31),
272 2852 350 2930 quod
374 2853 523 2930 quomodo
546 2851 583 2914 ad
606 2859 719 2932 patrem
741 2852 871 2914 Senecae
893 2852 946 2913 viri
972 2853 1053 2915 docti
1074 2853 1188 2917 referre

110 2936 264 3017 potuerint
285 2954 346 2999 uon
368 2932 554 3015 intellego.
564 2955 632 2998 nam
659 2941 779 2999 memini
802 2940 913 3001 iuvenes
935 2939 1089 3001 admodum
1111 2942 1189 3003 mter

111 3020 302 3101 Pomponiam
324 3033 351 3085 et
373 3021 506 3084 Senecam
528 3027 613 3084 etiam
632 3023 867 3103 praefationibus
888 3041 946 3087 ease
967 3014 1145 3087 mamatuat‘
1147 3042 1188 3086 aa

109 3107 217 3186 madias
244 3097 388 3171 eliminat’
419 3111 451 3167 ia
479 3108 626 3185 tragoedia
655 3109 712 3168 diei
741 3103 937 3186 oportuisset'.
988 3108 1189 3204 praefationes

111 3202 208 3254 autem
231 3190 313 3254 valde
336 3191 496 3254 dolendum
518 3201 563 3253 est
585 3191 712 3271 quod'
687 3211 714 3252 er
737 3191 841 3272 quiin
871 3211 965 3257 unum
994 3195 1106 3273 corpus
1127 3200 1188 3255 tra·

112 3277 230 3355 goedias
251 3277 382 3339 Senecae
405 3276 502 3354 coegit
523 3276 700 3339 omittendae
722 3276 798 3338 visae
825 3286 904 3341 sunt.
949 3286 1083 3340 ceterum
1111 3296 1188 3358 quo÷

111 3379 241 3441 cumque
261 3380 340 3423 anno
363 3361 577 3433 Quintilianum
601 3369 702 3423 natum
726 3380 790 3423 esse
806 3363 954 3438 statueris,
976 3362 1189 3442 praelationes,

112 3463 188 3524 quae
217 3445 267 3506 illo
295 3446 340 3508 vel
368 3445 524 3507 admodum
550 3445 656 3509 iuvene
679 3447 916 3527 comparuerint,
945 3467 962 3510 a
984 3448 1098 3511 Seneca
1120 3454 1190 3528 post

44 3559 46 3563 ’
114 3528 232 3592 exilium
256 3530 381 3610 scriptas
403 3549 467 3593 esse
491 3538 617 3611 oportet.
