2580 4366
429 212 467 255 mr
489 213 615 256 ceurrcrs
635 213 821 256 eorruurms.
1100 200 1159 262 127

177 367 207 427 in
229 365 277 427 his
300 365 423 426 canticis
444 382 566 445 perraro
588 364 668 425 vides
691 363 726 424 ab
750 363 853 424 ordine
876 365 1037 443 antiquitus
1054 366 1159 429 tradito
1261 443 1264 451 Ι

71 452 289 514 recedendum
319 450 410 512 luisse
438 457 467 510 et
495 448 537 510 eis
562 449 679 528 quidem
702 449 775 509 locis
797 450 973 528 plerumque
996 450 1026 510 in
1050 451 1160 529 quibus

71 529 120 592 dc
149 535 277 598 lectione
300 535 388 596 simul
410 533 602 595 dubitandum
627 541 697 594 erat.
738 535 816 613 quod
840 534 864 595 si
887 534 916 595 iu
941 538 1160 614 Agamemnone

70 621 189 692 paullo
212 620 330 700 saepius
353 620 486 680 ordinem
509 637 525 680 a
548 618 674 679 librariis
693 618 841 679 turbatum
858 620 1056 695 restituemus,
1080 621 1109 681 id
1124 639 1159 683 eo

69 703 204 768 minore
226 723 295 767 cum
316 703 450 785 periculo
472 703 622 776 faciemus,
646 721 705 782 quo
722 704 830 764 certius
846 703 901 764 iam
919 713 1033 768 constat
1048 714 1158 767 metro-

70 800 155 852 rum
178 809 288 871 genera
310 789 341 851 in
358 790 578 868 Agamemnone
600 789 662 849 lere
685 789 783 848 eadem
804 806 879 866 quae
894 789 925 849 iu
942 789 1056 870 Oedipo
1071 809 1159 852 usur·

67 882 154 1013 gata
184 894 259 937 esse.
303 875 355 935 sed
385 891 460 934 nova
487 891 607 951 quoque
636 872 762 932 inveniri
792 873 905 951 primus
934 876 1030 934 statim
1057 893 1159 937 versus

96 969 173 1022 acet
195 961 273 1024 589:

292 1044 345 1104 bea
367 1061 453 1122 quam
475 1041 554 1103 dulce
575 1041 684 1103 malam
705 1042 874 1104 mortalibus
896 1045 1024 1105 additam

66 1130 290 1210 asclepiadeus
318 1127 430 1189 scilicet
458 1126 555 1186 addita
583 1135 651 1205 post
677 1144 827 1187 caesuram
861 1128 983 1207 syllaha;
1020 1149 1045 1188 v.
1075 1130 1093 1189 i.
1123 1129 1158 1189 ad

65 1224 102 1269 V·
135 1217 209 1278 504.
232 1247 274 1258 -
296 1232 322 1272 v.
347 1213 423 1274 593:

291 1297 391 1359 nullas
411 1295 485 1357 bam
507 1306 602 1357 terror
622 1314 671 1355 aec
693 1301 854 1376 impotentis

63 1393 147 1445 non
170 1390 270 1464 potest
291 1383 370 1444 iuter
392 1379 549 1460 sapphicus
572 1399 601 1458 p.
620 1382 680 1443 126
699 1389 886 1442 enumeratos
900 1381 1066 1456 recenseri3
1090 1401 1157 1442 uam

62 1479 153 1531 eum
175 1468 326 1530 molossus
347 1466 487 1527 terendus
516 1464 569 1538 sit,
599 1465 709 1525 cretico
732 1467 762 1526 iu
785 1466 947 1526 choriambi
969 1467 1066 1527 locum
1090 1485 1158 1528 suc-

62 1553 208 1616 cedente
237 1551 353 1613 numeri
380 1568 504 1630 prorsus
526 1549 692 1611 abolentur.
736 1550 865 1630 priorem
889 1551 1021 1630 sapphici
1045 1559 1157 1631 partem

63 1647 154 1701 cum
184 1639 285 1719 priore
313 1635 413 1696 alcaici
442 1634 632 1696 coniunxisse
653 1635 782 1709 videtur3
814 1654 869 1696 uec
891 1638 1015 1697 fortasse
1037 1637 1110 1697 istos
1132 1637 1157 1697 si

61 1714 124 1780 dis
152 1726 250 1804 placet
271 1720 430 1800 sapphicos
451 1719 535 1780 aliter
556 1718 648 1780 voluit
670 1719 809 1798 intellegi.
844 1721 960 1780 numeri
978 1730 1075 1782 autem
1092 1739 1153 1781 eva·

61 1815 191 1871 serunt
211 1805 364 1881 trochaici,
387 1814 421 1866 ut
442 1823 467 1864 v.
485 1805 546 1867 580
570 1804 712 1883 dactylici,
738 1814 767 1864 et
788 1823 891 1865 versus
914 1805 1030 1883 qualem
1045 1805 1157 1866 Marius

59 1879 162 1954 Plct.
184 1895 257 1965 530,
281 1893 300 1952 2
323 1890 488 1950 trimetrum
510 1889 691 1949 trochaicum
715 1889 999 1967 brachycatalectum
1022 1890 1157 1950 colurum

62 1969 221 2039 chorium
251 1974 515 2055 palintrochaicum
545 1973 665 2034 nomine
687 1974 884 2052 sesquipedali
908 1985 1062 2054 nuncupat
1080 1967 1157 2036 ‘aem

61 2065 208 2144 meisque
218 2063 303 2142 pedes
320 2057 457 2121 trochaici
469 2062 555 2119 metri
571 2070 732 2137 ponantur,
756 2059 882 2120 debentes
903 2078 961 2121 esse
982 2078 1043 2133 seat,
1066 2071 1098 2121 at
1120 2063 1157 2121 sit

59 2145 249 2209 trimetrum
269 2144 453 2207 acatalecticus
807 2140 815 2155 ⁰

291 2234 443 2290 immemor
462 2231 551 2288 struis
573 2228 669 2288 domos
690 2223 819 2289 severas?
917 2291 918 2295 ,

60 2319 216 2394 Sequens
236 2332 356 2377 versus:

285 2396 412 2480 procella
432 2399 569 2475 fortuitae
589 2406 681 2457 movet
704 2406 755 2457 aut
776 2400 870 2477 i'aipai

61 2479 128 2542 Vel
150 2485 308 2566 sapphicus
324 2482 434 2543 adiecta
448 2480 584 2542 anacrusi
599 2481 645 2541 vel
660 2480 760 2558 potius
775 2482 902 2542 alcaicus
918 2482 1156 2562 dodecasyllahus

64 2573 148 2630 cst:
172 2567 303 2648 la'rclox'
318 2560 402 2648 ἁγνὰ
423 2562 645 2645 μειλιχόμειδε
660 2568 801 2647 Σαπφοῖ
815 2566 921 2645 (Heph.
938 2586 967 2645 p.
984 2571 1035 2643 45,
1052 2569 1092 2629 22
1108 2567 1155 2627 W.

59 2657 280 2740 {vaccatarias
303 2649 449 2734 συλλαβῇ
471 2651 510 2734 τῇ
533 2644 728 2733 τελευταίᾳ).
766 2650 897 2711 01.Μετ.
921 2650 994 2711 vict.
1021 2655 1090 2726 101,
1117 2655 1157 2715 10

81 2744 116 2792 et
145 2741 284 2816 ealberoo
306 2739 419 2819 quidem
436 2755 498 2816 per·
512 2737 697 2797 adiectionem
716 2733 840 2814 syllabae
857 2736 906 2814 fiet
920 2741 978 2800 ita:
1001 2735 1102 2798 Musae
1115 2740 1160 2796 mi

72 2807 212 2886 Pierides
235 2824 403 2903 Clariosque
425 2823 543 2882 adsistat
563 2813 680 2900 Apollo?
713 2838 743 2898 p.
762 2823 832 2894 145,
853 2823 890 2884 18
909 2817 990 2882 ‘item
1012 2840 1026 2882 e
1049 2821 1158 2883 daubaes

74 2897 203 2988 d‹tctplis
224 2921 249 2971 et
270 2908 425 2988 sonipede,
454 2911 504 2986 pai
523 2909 637 2984 repetiti
655 2905 770 2983 saciant
792 2906 959 2985 clepiaeam,
988 2907 1097 2968 adiecta
1123 2909 1156 2965 ia
1211 2916 1215 2923 ·

75 2995 182 3060 Primo
202 2994 309 3074 syllaba
331 3012 392 3054 aaa
413 3001 439 3052 et
461 2996 492 3052 ia
514 2990 605 3051 medio
627 2990 723 3053 altera
739 2993 863 3062 inserta,
887 2993 961 3070 qaod
982 2989 1156 3069 thesmopho-

80 3075 159 3138 rioa
177 3091 301 3150 uocatae,
323 3087 357 3139 ut

290 3182 305 3225 o
324 3173 461 3243 perpetuo
483 3160 565 3221 tellas
587 3178 656 3238 qaae
677 3177 754 3219 nanc
775 3163 848 3237 ripet
869 3171 935 3220 asta
956 3152 1040 3238 pelo?

91 3246 122 3298 tt
146 3246 240 3309 similia
263 3267 279 3310 e
302 3246 396 3308 Caesii
418 3244 500 3307 Bassi
530 3244 663 3304 doctriua
685 3243 763 3322 apud
786 3244 990 3323 grammaticos
1013 3243 1104 3302 multa
1127 3251 1157 3303 et

92 3334 173 3390 uota.
203 3333 312 3413 placuit
333 3341 430 3394 autem
453 3331 605 3390 inventum
628 3328 699 3390 illud
715 3337 828 3407 poetae,
852 3329 902 3407 qui
918 3335 1036 3408 praeter
1049 3345 1076 3386 v.
1093 3328 1154 3389 594

10 3422 14 3447 ’
96 3412 142 3470 lor
165 3418 255 3480 eodem
277 3436 351 3480 usus
373 3424 432 3478 est:
457 3417 529 3479 603.
553 3416 625 3477 010.
650 3415 710 3475 610

288 3522 347 3565 aaa
369 3502 439 3564 urbe
461 3519 526 3561 cam
548 3508 606 3560 tota
626 3498 747 3577 populos
769 3499 904 3560 cadeates.

289 3605 425 3668 carasque
448 3583 562 3647 Pelidae
583 3586 706 3644 nimium
728 3585 827 3661 feroci.

289 3685 339 3734 aas
361 3690 426 3734 cam
448 3670 556 3750 ipsam)
580 3667 687 3730 Pelides
710 3671 822 3730 aas'mas
842 3668 959 3746 feroces.

109 3771 287 3796 ''X-.-

112 3917 157 3972 Tm'
174 3863 356 3989 1'gl5ecthlipsin
376 3888 426 3924 nou
444 3870 528 3924 minus
538 3870 670 3923 molestam
682 3870 708 3921 in
721 3882 779 3920 cum
792 3884 818 3919 τ.
830 3865 876 3932 hg.
887 3867 928 3917 98.
943 3865 999 3916 139.
1017 3860 1083 3913 bled.
1096 3864 1155 3914 355.
