2580 4366
155 142 196 223 '12‘
523 170 561 218 nr
581 162 712 218 uuuovtu
734 160 857 216 oudino.

154 334 261 390 marrus
283 327 429 408 implorat,
452 324 580 405 denique
603 342 655 387 sua
670 324 765 405 ipsius
780 325 897 386 dextera
911 324 1057 386 utendum
1072 327 1236 405 profitetur

155 412 257 491 (deep

812 512 828 555 o
850 492 933 556 oolla
954 488 1036 556 dolat

359 588 485 642 commu
505 594 607 660 poena,
630 592 732 658 pudere
753 579 894 658 supplicio
914 574 1033 642 tomos

359 669 512 744 tooopttoto
534 665 657 743 infundo
680 683 704 724 e.
721 678 750 742 q.
766 680 789 723 s.

155 744 326 812 dehortatur
348 750 464 812 nutrix:
488 749 624 810 llerculis
638 760 764 809 mortem
779 754 883 808 omnes
899 754 1003 826 gentes
1017 748 1230 812 vindicaturus.

155 836 316 915 respondet
335 836 438 910 (330):
773 858 776 863 ·

598 920 761 978 moetmum
782 916 850 995 fiori
869 915 958 977 scelus

358 1015 385 1064 et
406 1007 468 1082 ipso
489 1004 595 1082 soteor,
617 1002 666 1062 sed
686 1000 767 1062 dolor
788 1000 855 1079 fieri
874 1001 958 1062 iudet.

155 1097 205 1149 aut
228 1086 348 1149 Herculi
369 1095 420 1148 out
441 1087 499 1166 ipsi
522 1095 550 1147 et
571 1087 675 1164 utique
697 1085 774 1146 lolae
797 1086 983 1164 pereundum
1005 1104 1079 1147 esse.
1116 1087 1231 1148 nutrici

155 1171 244 1247 illam,
271 1179 305 1232 ut
329 1173 506 1251 plerumque
529 1170 664 1249 captivas,
693 1186 754 1230 non
778 1170 919 1230 diuturno
941 1186 1041 1231 aurore
1063 1172 1231 1234 tracturam

156 1269 220 1318 esse
241 1256 376 1318 monenti
398 1257 476 1316 hanc
496 1255 640 1333 virginem
659 1272 724 1314 esse
746 1255 916 1333 respondet,
939 1272 971 1315 sa
985 1266 1150 1318 matronam
1175 1264 1231 1318 utl-

156 1342 203 1403 nis
225 1340 282 1402 iam
305 1350 489 1421 provectam,
512 1348 591 1400 certe
614 1339 784 1400 interiorem
807 1357 840 1399 se
864 1339 921 1399 hoc
946 1341 1107 1401 certamine
1131 1341 1232 1402 erilm

155 1436 227 1487 ram.
258 1426 326 1486 olim
349 1443 382 1486 se
404 1425 590 1485 invidendum
613 1423 751 1484 omnibus
773 1423 865 1484 luisse
887 1424 1013 1503 coniuge
1033 1434 1118 1486 nunc
1133 1434 1231 1487 terras

155 1518 327 1590 pererrante
342 1528 376 1570 ac
390 1510 520 1588 virgines
535 1508 591 1568 sibi
607 1509 638 1568 in
653 1524 784 1568 amorem
800 1514 972 1588 expetente3
991 1527 1063 1587 ergo
1079 1526 1118 1571 ne
1132 1514 1233 1573 comet

154 1595 248 1671 Drior,
271 1595 433 1674 perimatur
455 1594 572 1654 infidus.
603 1593 659 1652 iam
674 1603 708 1653 ut
722 1593 878 1654 transitum
893 1593 949 1654 sibi
964 1586 998 1654 ud
1014 1592 1099 1655 Nessi
1112 1595 1231 1657 donum

154 1688 248 1760 paret,
272 1696 331 1757 quo
354 1692 455 1740 carere
477 1679 616 1739 nimirum
633 1685 718 1756 poeta
734 1677 766 1738 in
782 1679 839 1738 lroo
853 1686 1027 1756 argumento
1043 1696 1103 1740 non
1118 1681 1230 1759 potuit,

156 1765 304 1826 nutricem
326 1764 395 1825 lacit
410 1763 655 1825 medicamentum
671 1763 845 1823 amatorium
859 1763 971 1841 magma
986 1773 1048 1826 arte
1063 1765 1232 1844 parendum

155 1848 361 1930 pollicentem:
391 1848 421 1909 id
443 1864 479 1908 er
501 1846 661 1926 Hippolyto
684 1848 852 1908 coronifero
875 1849 1017 1927 sumpsit,
1043 1848 1074 1909 in
1095 1849 1233 1914 Phaedra

155 1934 293 2011 neglexit.
323 1934 484 2012 respondet
505 1931 640 1992 Deianira
662 1931 762 1992 herbis
777 1941 807 1993 et
822 1933 958 1994 cantibus
971 1932 1050 1994 flecti
1065 1933 1152 1995 illutrt
1166 1948 1231 1997 uon

155 2030 244 2098 posse
259 2019 310 2080 sed
326 2036 392 2079 esse
408 2016 463 2078 sibi
480 2016 558 2078 aliud
574 2017 741 2094 languentis
752 2017 861 2077 amoris
872 2017 1105 2079 incitamentum
1128 2028 1234 2083 aurat

155 2103 241 2164 llessi
255 2111 379 2163 mortem
394 2102 563 2180 hydraeque
579 2100 659 2161 virus
674 2102 752 2160 dono
769 2102 825 2162 sibi
841 2102 950 2162 datum.
980 2103 1126 2164 nutricem
1146 2118 1233 2166 com-

155 2206 259 2266 parare
281 2187 364 2248 iubet
385 2192 495 2246 vestem
517 2203 604 2264 quam
619 2185 740 2247 Herculi
756 2186 866 2268 mittat3
889 2187 1007 2248 interim
1024 2188 1162 2250 Auroram
1178 2190 1233 2251 de-

156 2278 304 2350 precatur.
355 2271 486 2332 adfertur
512 2271 600 2330 vestis
629 2284 704 2348 quae
733 2271 857 2332 texenda
881 2267 1020 2333 ‘omnem
1052 2273 1232 2337 emulorum

156 2368 277 2417 manum
300 2350 441 2430 lassavit';
470 2354 551 2414 virus
572 2355 757 2431 infunditur,
779 2363 950 2435 opportune
971 2356 1077 2420 licitas
1098 2359 1234 2421 accurrit

156 2440 204 2502 tui
226 2439 332 2521 pallam
354 2438 490 2500 Deianira
510 2439 600 2501 tradit
621 2439 668 2500 his
689 2439 786 2500 verhls
809 2442 910 2517 (5702

362 2522 497 2604 eupoleos
518 2528 639 2586 amictus
660 2536 760 2586 nostro
781 2542 849 2605 patos
870 2530 1081 2598 nauteriacus,

361 2610 429 2670 dum
449 2626 540 2687 oopus
561 2615 593 2670 ira
614 2609 689 2670 orbe
701 2611 799 2688 fertur
821 2618 847 2671 et
867 2615 959 2672 uictam
979 2620 1057 2672 mm

359 2704 433 2755 tenet
453 2695 546 2773 socci
565 2692 685 2772 Lydium
705 2698 815 2773 peroio
835 2712 955 2771 aarum,

360 2778 429 2839 dum
448 2781 540 2858 poscit
561 2777 640 2839 loleu
662 2797 688 2838 e.
704 2797 733 2857 q.
752 2796 776 2840 s.

241 2860 313 2922 haec
335 2859 470 2925 Deianira
499 2863 625 2923 mendax
653 2870 698 2924 est
724 2872 752 2924 et
781 2863 898 2938 dolosa,
928 2880 990 2924 non
1016 2871 1049 2925 ut
1070 2865 1150 2945 apud
1172 2865 1231 2927 So·

156 2940 292 3026 phuclem
316 2947 454 3023 candida,
482 2947 567 3007 Nessi
589 2947 691 3008 fraude
714 2948 852 3028 decepta,
880 2942 996 3008 dulcem
1017 2962 1102 3028 spem
1123 2949 1231 3011 loretto

157 3030 188 3091 in
211 3031 305 3092 anxiis
327 3044 426 3092 rerum
449 3031 610 3110 angustiis:
632 3032 725 3112 probe
747 3033 800 3094 ista
822 3033 878 3093 scit
893 3033 963 3112 quid
978 3033 1100 3111 coniugi
1113 3034 1230 3109 mittan

176 3128 215 3178 tto
244 3115 372 3196 scriptor
400 3115 455 3177 sibl
485 3116 617 3178 constitit
645 3124 674 3178 et
696 3118 778 3178 necis
800 3118 958 3179 consilium
983 3119 1101 3180 tirmum
1122 3125 1231 3181 tenera

155 3128 235 3262 {Dani
256 3201 357 3263 voluit.
402 3219 458 3263 nec
480 3202 559 3281 qnod
581 3202 698 3264 nutrice
720 3202 841 3263 ahsente
865 3202 965 3263 Amori
991 3212 1096 3283 preces
1118 3203 1228 3279 tutudit

155 3285 184 3346 id
200 3303 235 3347 ex
250 3287 341 3348 animi
355 3286 433 3347 illam
448 3284 595 3347 sententia
608 3287 707 3347 lacere
722 3286 839 3349 credas:
863 3288 978 3348 adstent
992 3287 1071 3349 euim
1085 3286 1230 3350 mulieres

158 3382 230 3448 quas
253 3371 308 3432 sibi
331 3380 367 3433 ert
388 3370 481 3451 patria
505 3371 627 3431 comites
650 3372 771 3433 duxerat
792 3372 890 3448 (581).

241 3456 380 3517 mulieres
401 3456 537 3517 dominae
552 3470 632 3530 suae,
653 3455 761 3517 deinde
776 3468 880 3534 regum
895 3454 1078 3535 divitumque
1092 3457 1229 3519 omnlltln

155 3536 270 3598 trlstem
284 3546 394 3600 sortem
410 3541 591 3616 describunt,
613 3556 730 3602 auream
744 3541 977 3602 mediocritatem
991 3541 1120 3602 laudant
1151 3542 1231 3606 redit

153 3618 290 3683 Deianira
312 3624 414 3684 territa
435 3635 465 3686 et
487 3625 657 3704 perturbata
673 3627 711 3702 (u.
728 3628 812 3702 706).
843 3638 912 3686 uam
926 3642 995 3686 cunr
1008 3626 1093 3687 lurae
1108 3626 1230 3705 fluuius

152 3702 238 3767 Nessi
261 3707 406 3784 sanguine
426 3709 552 3770 tinctum
575 3724 699 3789 prorsus
721 3712 872 3771 evanuerit
893 3710 965 3772 solis
984 3710 1076 3772 rodlis
1095 3712 1230 3790 rapotae

152 3794 226 3865 tum,
250 3802 338 3870 quam
360 3792 483 3854 maxime
505 3801 623 3855 vermur
645 3812 684 3856 ne
706 3794 827 3874 coniugi
849 3795 954 3856 malam
971 3802 1086 3875 pestem
1101 3795 1229 3864 rubuit

150 3875 232 3936 redit
253 3872 356 3956 llyllus
378 3883 407 3938 et
430 3894 504 3956 quae
526 3879 698 3941 acciderunt
719 3888 834 3955 narratt
862 3880 920 3943 ium
951 3880 1062 3941 doloris
1084 3886 1118 3942 ut
1139 3888 1230 3945 cutm
