2580 4366
385 763 516 826 ΜΕΒΕΑ

183 881 218 943 lli
240 881 411 959 coniugales
433 889 525 961 tuque
548 882 671 962 genialis
693 884 760 958 tori,

97 967 219 1044 Lucina,
241 974 342 1028 eustos
364 985 500 1046 quaeque
517 969 692 1041 domituram
714 969 788 1031 freta

96 1051 214 1132 Tiphyn
237 1070 342 1113 novam
365 1054 481 1114 lrenare
503 1053 629 1114 docuisti
654 1063 756 1128 ratem,

97 1143 127 1198 et
148 1148 191 1213 tu,
214 1137 353 1216 profundi
376 1155 460 1199 saeve
482 1137 650 1200 dominator
670 1140 769 1214 maris,

97 1223 269 1302 clarumque
291 1221 377 1283 Titan
401 1222 532 1283 dividens
555 1223 620 1284 orbi
643 1223 729 1299 diem,

53 1358 57 1365 .
96 1306 250 1386 tacitisque
273 1306 418 1386 praehens
440 1308 594 1370 oonsoium
616 1309 707 1370 saeris
734 1309 819 1370 iubar

96 1391 206 1453 Hecate
226 1391 379 1468 triformis,
402 1410 537 1471 quosque
558 1393 665 1455 iuravit
686 1394 758 1454 mihi

95 1478 167 1538 deos
188 1475 284 1550 lason,
307 1494 442 1556 quosque
464 1477 581 1539 Medeae
602 1478 695 1555 magis

96 1561 139 1622 fas
162 1570 207 1622 est
227 1562 358 1641 precari:
386 1561 483 1623 noetis
505 1570 641 1624 aeternae
660 1563 759 1631 chaos,

95 1664 195 1708 aversa
217 1647 334 1726 superis
355 1664 446 1725 regna
468 1665 631 1726 manesque
653 1648 760 1726 impios

96 1730 310 1810 dominumque
331 1731 417 1810 regni
438 1731 531 1793 tristis
554 1740 583 1792 et
605 1732 754 1792 dominam
779 1732 835 1792 fide

86 1817 219 1901 *meliore
240 1825 364 1896 raptam,
386 1834 457 1877 vooe
479 1835 540 1877 non
562 1818 657 1878 lausta
680 1834 796 1896 precor.

96 1919 188 1978 nuno,
211 1919 293 1963 nuno
315 1901 424 1976 adeste,
447 1901 567 1962 sceleris
589 1901 712 1964 ultrices
739 1902 819 1975 deae,

95 1986 210 2047 crinem
231 1985 336 2046 solutis
351 1985 508 2065 squalidae
530 1986 729 2066 serpentibus,

94 2079 186 2132 atram
209 2070 341 2132 eruentis
363 2070 500 2132 manibus
522 2073 672 2151 amplexae
693 2072 798 2144 lacem,

94 2156 204 2231 adeste,
226 2155 360 2217 thalamis
381 2155 518 2217 horridae
540 2156 690 2235 quondam
712 2156 786 2216 meis

96 2241 197 2320 quales
219 2240 356 2302 stetistis:
380 2241 500 2320 coniugi
522 2241 613 2303 letum
636 2259 728 2302 novae

96 2325 249 2405 letumque
270 2344 375 2386 sooero
397 2333 426 2386 et
448 2325 545 2404 regiae
568 2326 653 2405 stirpi
676 2327 750 2387 date.

93 2410 166 2471 mihi
188 2410 274 2491 peius
296 2410 416 2489 aliquid,
440 2411 519 2489 quod
541 2429 647 2490 precer
670 2428 793 2490 sponso,
814 2417 932 2471 manet:

92 2495 177 2557 vivat.
221 2513 275 2574 per
296 2494 386 2556 urbes
408 2504 487 2556 erret
508 2495 625 2573 ignotas
652 2514 742 2574 egens

94 2580 163 2642 exul
185 2598 293 2660 pavens
315 2579 428 2642 inrisus
450 2579 557 2641 incerti
579 2579 660 2654 laris,

93 2665 151 2726 iam
173 2672 263 2726 notus
285 2665 395 2744 hospes
416 2664 506 2726 limen
530 2665 659 2727 alienum
682 2671 807 2744 expetat,

93 2768 140 2812 me
164 2751 321 2829 coniugem
343 2756 426 2829 optet
447 2767 567 2829 quoque
589 2769 651 2811 non
674 2749 753 2811 aliud
776 2765 882 2828 queam

93 2835 180 2916 peius
201 2834 328 2914 preoari,
349 2833 459 2896 liberos
481 2834 592 2897 similes
615 2835 691 2916 patri

92 2919 264 2999 similesque
286 2918 372 2981 matri
392 2953 436 2966 -
457 2927 540 3000 parta
563 2920 630 2994 iam,
653 2927 735 3000 parta
756 2917 830 2980 ultio
854 2924 913 2979 est:

92 3005 206 3085 peperi.
250 3003 386 3083 querelas
406 3003 554 3084 verbaque
576 3005 606 3066 in
630 3023 745 3066 cassum
767 3000 857 3064 sero?

67 3106 155 3150 ·non
178 3089 228 3151 iho
250 3089 282 3150 in
304 3087 428 3150 hostes?
449 3088 587 3151 manibus
609 3089 753 3152 excutiam
775 3090 854 3149 laces

93 3173 235 3254 caeloque
255 3173 353 3236 luoem
375 3207 417 3220 -
440 3183 553 3255 speotat
574 3176 632 3237 hoo
654 3173 748 3235 nostri
771 3179 851 3234 sator

93 3259 146 3320 Sol
168 3258 296 3339 generis,
319 3267 348 3321 et
370 3268 530 3338 spectatur,
554 3270 584 3321 et
606 3277 697 3320 curru
720 3257 852 3319 insidens

92 3362 148 3424 per
169 3344 255 3406 solita
276 3344 346 3425 puri
368 3345 461 3424 spatia
483 3344 613 3406 deourrit
635 3340 719 3423 poli?
1138 3350 1169 3400 30

93 3446 156 3490 non
176 3429 253 3492 redit
273 3429 306 3489 in
329 3438 413 3491 ortus
439 3439 468 3491 et
488 3429 641 3491 remetitur
664 3423 761 3490 diem?

178 3565 194 3614 2
216 3560 368 3614 domitorem
390 3561 448 3615 troti
465 3563 491 3613 A
578 3564 609 3614 to
633 3558 786 3620 adversaA
873 3560 904 3611 13
928 3557 1016 3611 adeste
1037 3556 1125 3610 adeste
1142 3558 1168 3608 A

94 3633 125 3683 19
148 3645 245 3698 sponso
266 3630 361 3682 malum
386 3629 462 3682 oodd.
487 3632 597 3682 eorreme‘
679 3631 712 3681 20
735 3631 802 3680 errat
824 3626 858 3693 Ε,
882 3628 1037 3678 eom1m.
1059 3632 1092 3678 ut
1114 3626 1166 3678 oid.

92 3699 135 3750 22·
153 3704 179 3748 et
196 3699 238 3751 23·
257 3701 414 3765 transposui
436 3700 486 3762 (me
510 3698 576 3750 ooni.
601 3699 664 3763 opt,
687 3697 739 3749 lim.
761 3696 794 3748 al.
818 3710 875 3762 erp.
900 3695 974 3763 liam
993 3709 1017 3745 n.
1035 3693 1059 3745 h.
1080 3694 1166 3759 codd)

92 3768 125 3818 25
143 3765 218 3817 matri
235 3766 324 3832 pariat.
342 3766 392 3817 iam
411 3769 483 3833 parta
509 3765 572 3817 uitio
595 3768 634 3817 est
650 3765 675 3817 n
693 3764 780 3828 [nolui
798 3764 888 3831 pariat.
909 3762 950 3828 en]
1021 3764 1053 3816 26
1071 3762 1124 3815 lero
1142 3764 1168 3814 A

92 3836 125 3886 29
139 3835 371 3952 spectatordAh—
387 3849 475 3886 currus
492 3834 517 3885 d
587 3836 617 3886 et
638 3848 698 3885 num
717 3831 782 3885 redit
799 3835 827 3898 ς.
843 3861 878 3870 -
896 3831 1040 3884 remetitur:
1058 3834 1130 3882 inter
1153 3846 1167 3884 e

92 3907 119 3954 et
135 3916 161 3953 m
179 3916 249 3953 erae.
