2580 4366
559 247 691 290 rutenus

89 393 153 473 spei
175 402 332 474 metusque
353 395 438 472 liber,
461 397 538 458 haud
562 398 645 460 illum
668 398 755 476 niger

89 480 220 557 edaxque
243 479 317 540 livor
339 481 427 542 dente
449 482 588 560 degeneri
611 484 700 563 petit;

88 583 144 625 nec
168 565 279 626 scelera
302 566 432 646 populos
453 568 532 628 inter
554 576 642 647 atque
664 569 753 630 urbes
776 578 837 631 sata

88 650 169 709 novit
192 668 247 710 nec
269 669 372 712 ornnes
396 653 534 713 conscius
556 653 698 732 strepitus
720 664 805 733 pavet

87 741 138 794 aut
159 733 247 795 verba
268 736 368 813 fingit;
391 736 473 797 mille
496 755 557 798 uon
580 738 696 816 quaerit
718 739 777 816 tegi

88 818 167 880 dives
190 821 337 881 columnis
360 840 416 882 nec
438 821 537 883 trahes
558 822 652 883 multo
675 823 808 886 insciens

87 905 200 982 suffigit
221 923 310 980 aur0;
334 923 395 966 non
419 924 509 967 cruor
530 907 632 986 largus
653 907 718 986 pias

87 990 213 1050 inundat
234 1008 308 1065 aras,
331 991 418 1070 fruge
440 1010 497 1052 nec
519 993 614 1070 sparsi
637 1011 719 1054 sacra

89 1083 213 1135 centena
237 1076 313 1136 nivei
336 1076 409 1137 cclfa
433 1077 622 1139 summittunt
643 1076 749 1138 hoves:

89 1159 141 1219 sed
164 1177 234 1220 rure
256 1179 347 1221 vacuo
371 1161 485 1241 potitur
507 1170 536 1223 et
557 1171 659 1241 aperto
685 1164 805 1224 aethere

88 1245 237 1304 innocuus
260 1254 347 1306 errat.
393 1246 512 1307 callidas
533 1255 649 1308 tantum
672 1247 743 1308 feris

88 1330 230 1389 struxisse
252 1330 370 1391 fraudes
393 1332 475 1393 novit
497 1339 525 1392 et
547 1332 642 1394 fessus
666 1333 744 1412 gravi

89 1414 189 1474 labore
213 1415 297 1476 niveo
321 1433 430 1494 cerpus
453 1416 522 1477 liisc
545 1418 639 1493 fovet;

88 1517 170 1560 nunc
192 1499 242 1560 iile
264 1501 359 1579 ripam
382 1501 486 1562 celeris
509 1502 614 1581 Alphei
637 1501 717 1580 legit,

88 1601 170 1645 nunc
193 1585 323 1645 nemoris
346 1584 397 1645 alti
420 1585 510 1646 densa
532 1594 659 1647 metatur
681 1587 755 1660 loca,

88 1667 139 1728 nbi
162 1667 260 1730 Lerna
283 1688 359 1748 puro
383 1670 477 1747 gelida
500 1670 636 1749 perlucet
657 1670 740 1744 vado,

88 1753 234 1833 sedesque
256 1763 369 1815 mutas:
393 1755 463 1815 hinc
486 1773 552 1815 aves
573 1754 717 1833 querulae
739 1755 869 1816 fremunt

89 1838 216 1916 ornique
237 1839 333 1900 ventis
356 1840 422 1899 tene
445 1858 603 1918 percussae
624 1849 757 1900 tremunt

89 1931 261 2001 veteresque
284 1924 350 2001 fagi.
396 1925 469 1984 iuvit
491 1932 541 1984 aut
563 1924 658 1985 arnnis
680 1923 744 2002 vagi
767 1943 769 1947 ·

88 2009 233 2089 pressisse
255 2008 344 2087 ripas,
369 2009 497 2088 caespite
519 2018 569 2070 aut
593 2010 673 2069 nudo
695 2009 773 2070 feres

89 2093 208 2155 duxisse
231 2112 362 2168 somnne,
386 2094 446 2154 sive
468 2094 536 2155 fons
559 2094 658 2171 largus
682 2093 753 2155 citas

86 2178 222 2239 defundit
244 2179 339 2239 undas
361 2178 422 2239 sive
443 2196 499 2258 per
519 2178 609 2239 flores
632 2196 725 2238 novos

86 2263 218 2342 fugiente
240 2263 336 2324 dulcis
358 2271 524 2324 murmurat
545 2263 608 2323 rivo
630 2281 733 2324 senus.

88 2366 210 2409 excussa
233 2349 313 2408 silvis
335 2367 422 2427 perna
446 2358 641 2428 compescunt
661 2348 768 2409 famem

87 2440 116 2493 et
139 2434 219 2511 fraga
242 2432 338 2511 parvis
361 2433 443 2494 vulsa
465 2433 593 2495 dumetis
616 2432 699 2494 cibos

85 2518 187 2578 faciles
209 2517 387 2580 ministrant.
431 2519 530 2596 regios
553 2519 641 2579 luxus
663 2516 770 2597 procul

87 2611 133 2664 est
154 2602 282 2682 impetus
304 2603 434 2681 fugisse:
458 2603 583 2664 sollicito
606 2602 713 2663 bibunt

86 2704 159 2747 aure
183 2688 322 2766 superbi3
346 2707 434 2767 quam
457 2688 536 2748 iuvat
557 2687 637 2749 nuda
658 2704 749 2747 manu
781 2753 782 2756 Ἴ

87 2778 220 2851 captasse
243 2772 372 2832 fontemt
396 2772 504 2834 certior
528 2789 651 2834 somnus
673 2772 781 2850 premit

86 2875 191 2918 secura
214 2857 289 2918 duro
311 2858 442 2918 membra
464 2865 629 2917 versantem
652 2863 727 2916 toro.

87 2959 148 3003 non
171 2941 202 3002 in
225 2960 344 3003 recessu
366 2943 444 3003 furta
468 2950 497 3002 et
519 2941 647 3001 obscuro
669 2939 825 3020 improbus

88 3026 203 3105 quaerit
225 3026 315 3087 cubili
339 3046 431 3106 seque
453 3026 611 3105 multipiici
633 3025 741 3086 timens

86 3113 174 3171 doure
198 3111 348 3172 recondit:
372 3113 490 3174 aethera
512 3129 546 3172 ac
567 3111 664 3171 lucem
687 3110 762 3190 petit

87 3207 118 3257 et
140 3205 214 3257 teste
238 3196 318 3257 caelo
341 3198 418 3258 vivit.
463 3198 520 3256 hcc
543 3195 680 3275 equidem
704 3213 772 3255 reor

84 3281 193 3342 vixisse
215 3281 274 3341 ritu
297 3283 392 3361 prima
416 3301 492 3362 quos
514 3280 621 3341 mixtos
644 3280 706 3341 deis

86 3418 290 3428 --——-—

171 3500 221 3550 494
244 3498 310 3549 inter
333 3502 424 3564 atque:
444 3513 487 3549 ra
511 3502 529 3549 i,
543 3515 596 3550 rar.
620 3498 689 3551 2-3
703 3514 737 3548 m.
763 3495 795 3547 d.
817 3524 851 3533 —
873 3494 920 3556 sita
946 3493 1022 3546 codd.
1045 3497 1167 3547 eorrem

85 3566 255 3619 Mercrius
273 3567 332 3616 adv.
351 3567 421 3631 pcc
473 3570 523 3619 406
542 3565 685 3631 0300ος
737 3567 787 3616 498
805 3563 933 3614 sufficitE
991 3565 1041 3615 504
1058 3562 1121 3615 eliso
1140 3563 1187 3619 10.

86 3637 135 3688 505
155 3633 287 3686 celerisale
305 3640 330 3685 et
353 3635 417 3700 legit
433 3634 472 3699 Ε,
491 3634 526 3696 ef.
545 3634 602 3699 1,9
671 3638 721 3687 506
740 3631 843 3684 metitur
862 3635 882 3694 ς
956 3633 1006 3684 508
1026 3630 1164 3699 sedemque

85 3709 168 3754 mutat
185 3703 210 3752 Α
228 3702 354 3769 sedesque
372 3706 455 3754 mutat
472 3702 498 3753 Ε
516 3706 626 3753 corraei
643 3702 678 3762 cf.
697 3704 719 3766 1,
736 3700 797 3753 223.
814 3728 847 3738 —
865 3698 907 3750 hic
923 3699 949 3750 A
1021 3702 1072 3753 509
1090 3699 1165 3752 rami·

85 3786 135 3837 que
159 3773 229 3836 (sup.
253 3771 292 3822 lit.
315 3786 332 3837 q
354 3786 408 3823 rae.
432 3772 447 3822 1
471 3771 510 3823 tu.
534 3771 609 3831 (sort.
632 3773 654 3833 s)
673 3770 708 3834 ff)
733 3785 757 3822 v.
775 3769 793 3820 t
810 3766 925 3834 percussi
950 3767 1025 3821 codd.
1045 3771 1168 3821 correcte

84 3838 119 3890 N.
139 3839 264 3888 Heinsius
283 3839 344 3891 ade.
360 3855 387 3903 p.
405 3839 439 3890 67
508 3841 558 3891 510
576 3838 647 3889 iuvat
674 3838 750 3889 codd.
769 3839 891 3887 torreant
909 3834 938 3888 G.
956 3835 1099 3888 Fabricius
1116 3834 1164 3901 (cf.

84 3907 202 4023 mit)
251 3909 300 3959 513
318 3905 479 3958 diffunditat
540 3909 586 3960 521
607 3905 773 3958 versanturd
834 3907 884 3957 522
903 3918 1006 3958 secessu
1023 3909 1050 3971 ς.
1067 3934 1102 3944 ·-
1120 3904 1167 3957 ob·

85 3989 159 4028 scura
