2602 4380
108 174 168 237 178
432 192 471 235 on
492 190 708 235 annectamus
729 154 857 235 comeo.

107 352 136 404 et
164 342 209 403 vel
240 360 275 402 eo
298 342 480 420 processisse
502 341 585 421 prior
606 341 736 403 Phaedra
761 342 876 404 videtur
901 351 935 406 ut
956 343 1073 407 felicem
1095 364 1180 426 prac-

107 427 217 488 dicaret
238 425 402 505 Pasiphaen
426 444 502 505 quae
524 426 771 506 qualemcumque
792 436 952 489 amatorem
978 438 1077 492 tamen
1100 431 1182 493 inve·

92 515 215 591 nisset:
246 512 309 572 her.
332 530 358 570 v.
384 514 444 575 165
1087 559 1089 563 .

310 596 392 674 flecte
413 599 490 675 feros
512 599 639 669 animos·
664 599 760 675 potuit
782 614 964 677 comumpere
985 610 1105 661 taurum

272 758 276 763 ,
310 692 417 742 mater:
447 685 504 743 eris
525 692 609 743 tauro
631 685 745 742 saeuior
766 683 825 761 ipse
846 687 923 744 truci
929 680 945 743 P

106 776 136 826 et
158 763 265 827 Phaed.
292 768 368 829 115:

615 851 737 929 t'refendo
759 851 835 913 molo

311 946 439 1015 correpto
458 937 569 1015 pecoris
590 935 712 1016 efferum
733 939 813 996 saeui
833 938 930 998 ducem

310 1021 550 1082 commutasset:
581 1031 679 1080 torvus
701 1023 853 1099 impatiens
874 1024 939 1099 iugi

311 1104 424 1166 adulter
446 1104 493 1165 dle
514 1105 614 1164 ductor
634 1105 770 1166 indomiti
789 1108 881 1184 crepis
902 1139 945 1149 —

311 1191 360 1250 sed
380 1188 494 1250 emolat
516 1188 641 1268 aliquid:
672 1193 734 1268 quis
755 1207 832 1250 meos
852 1193 973 1252 miserae
997 1191 1065 1252 deus

311 1285 362 1335 aut
385 1279 447 1354 quis
468 1277 569 1335 iecore
589 1273 735 1335 daedalus
755 1274 890 1352 [dommus
912 1273 1016 1355 queat?

108 1375 189 1436 vides
218 1376 272 1434 hac
293 1375 407 1435 ratione
429 1375 577 1436 Phaedrae
599 1392 698 1435 mores
721 1375 822 1455 quales
848 1375 879 1437 in
902 1374 1064 1459 Hippolyto
1086 1376 1180 1438 relato

108 1459 219 1521 suerint
241 1460 405 1520 accuratius
428 1479 463 1520 ex
485 1459 639 1520 imitatoris
661 1459 846 1521 sententiolis
869 1471 897 1521 et
915 1461 1102 1523 acuminibus
1118 1460 1179 1523 erui

108 1554 138 1606 et
160 1543 362 1605 circumscribi
378 1563 475 1623 posse.
513 1552 627 1606 tantum
645 1554 742 1605 autem
758 1543 908 1625 Euripidis
924 1545 1079 1624 ingenium
1093 1544 1181 1607 valuit

108 1639 141 1691 ut
162 1647 266 1689 scaena
289 1627 320 1689 in
343 1647 399 1707 qua
422 1628 553 1690 Phaedra
576 1628 736 1709 Hippolyto
759 1647 889 1690 amorem
911 1648 998 1692 suum
1022 1633 1180 1692 confitetur

108 1714 143 1774 ad
167 1732 226 1773 non
250 1712 399 1792 vulgarem
422 1714 561 1775 escendat
576 1714 827 1793 pulchritudinem
842 1734 1005 1794 verumque
1022 1716 1179 1778 affectuum

107 1799 253 1877 vigorem;
279 1799 357 1876 quod
374 1797 520 1860 Welclreri
543 1817 663 1878 quoque
685 1799 827 1860 iudicium
851 1809 896 1860 est
916 1803 958 1878 (p.
980 1802 1071 1879 744„
1094 1809 1180 1880 atque

108 1901 225 1963 versum
248 1885 309 1946 710

219 1964 222 1969 '
311 1966 477 2047 Hippolyte,
500 1987 577 2029 nunc
598 1987 642 2029 me
663 1977 815 2047 compotem
837 1973 900 2031 coti
917 1970 991 2048 focis

108 2068 254 2131 hocloco
277 2068 363 2129 etiam
386 2068 543 2147 Euripides
566 2068 697 2130 scribere
718 2077 844 2148 poterat.

193 2172 294 2215 verum
324 2162 420 2214 tamen
450 2172 518 2214 cave
546 2155 647 2215 credas
674 2162 763 2215 totam
789 2154 904 2215 tabulae
926 2153 1130 2216 oeconomiam
1152 2162 1181 2215 et

107 2256 228 2301 scaenas
250 2238 360 2317 pariter
382 2248 503 2299 cunctas
526 2238 561 2299 ab
584 2238 727 2318 Euripide
750 2238 891 2300 Senecam
914 2248 1082 2301 mutuatum
1105 2256 1179 2302 csse.

107 2341 141 2385 ac
163 2323 290 2403 primum
315 2321 431 2402 quidem
456 2341 523 2384 cum
546 2323 676 2385 Senecae
699 2341 834 2384 scaenam
857 2342 883 2383 v.
903 2324 943 2386 85
965 2341 1010 2402 sq.
1033 2324 1069 2385 ad
1092 2324 1179 2385 Euri·-

107 2408 185 2489 pidis
213 2407 378 2486 exemplum
410 2408 607 2488 conscriptam
639 2427 703 2470 esse
733 2408 981 2483 intellexerimus,
1011 2427 1075 2470 eam
1105 2426 1180 2487 quae

107 2493 242 2571 sequitur
263 2494 466 2569 (358-405)
497 2493 553 2554 hoc
580 2495 682 2555 saltem
706 2493 771 2554 loco
794 2494 891 2554 bonus
914 2502 1000 2572 poeta
1022 2493 1179 2555 conlocare

107 2598 170 2640 non
193 2577 300 2657 potuit.
338 2577 388 2637 sed
411 2595 477 2638 cum
493 2578 654 2640 Phaedram
677 2577 845 2656 languidam
863 2577 894 2638 in
909 2579 1018 2639 lectulo
1035 2577 1180 2640 iacentem

108 2671 138 2724 et
153 2662 323 2724 ancillarum
340 2670 426 2723 coetu
442 2663 652 2725 circumdatam
668 2663 699 2724 in
715 2663 815 2743 priore
827 2662 986 2742 Hippolyto
1003 2681 1065 2724 non
1081 2663 1180 2725 minus

108 2766 195 2828 quam
218 2747 249 2809 in
271 2748 408 2822 alterato
433 2748 607 2827 descriptam
623 2749 715 2809 luisse
738 2766 772 2809 ex
795 2747 984 2826 sarcophagis
1006 2748 1122 2809 eluceat
1135 2748 1182 2808 his

107 2840 221 2894 tantum
244 2850 348 2911 parum
372 2833 490 2894 dextere
512 2852 585 2894 usus
608 2852 672 2894 esse
690 2834 805 2894 videtur
821 2841 849 2894 et
863 2833 988 2893 fortasse
1003 2852 1039 2893 ex
1056 2833 1182 2894 nutricis

109 2912 276 2979 narratione
305 2917 335 2977 in
364 2917 515 2978 Phaedrae
544 2936 710 2979 sermonem
740 2919 870 2980 vertisse.
914 2926 1089 2996 sequentem
1113 2935 1181 2979 vero

107 3021 242 3064 scaenam
266 3020 341 3081 quae
364 3003 509 3064 nutricem
531 3003 659 3065 ostendit
674 3003 833 3082 Hippolyto
857 3002 1038 3082 persuadere
1060 3003 1181 3065 studen-

106 3098 165 3151 tem
195 3095 229 3149 ut
256 3086 365 3149 victum
393 3088 481 3149 nimis
510 3098 659 3150 austerum
686 3090 829 3167 deponat,
866 3095 955 3147 totam
985 3105 1022 3148 ex
1051 3086 1183 3149 Senecae

108 3172 225 3234 officina
254 3172 388 3252 prodisse
410 3181 524 3235 certum
546 3181 599 3234 est.
644 3173 752 3234 etenim
775 3172 806 3233 in
829 3171 989 3252 Hippolyto
1011 3169 1106 3233 velato
1129 3189 1184 3252 per

108 3257 255 3319 nutricem
270 3257 429 3338 Hippolyto
452 3257 614 3320 aPhaedra
636 3259 748 3319 litteras
766 3257 872 3318 missas
887 3275 961 3332 esse,
984 3256 1094 3335 quihus
1111 3275 1182 3317 con·

107 3342 208 3421 loquio
232 3343 309 3403 inter
331 3360 488 3404 novercam
511 3350 539 3403 et
560 3342 728 3423 privignum
753 3342 977 3421 proluderetur,
1000 3342 1089 3403 iidem
1115 3340 1185 3402 lacit

108 3436 251 3489 nontam
274 3427 368 3487 Ovidii
392 3427 516 3507 epistula
540 3447 626 3508 quam
649 3427 840 3507 sarcophagi,
866 3425 975 3505 quibus
997 3444 1060 3487 non
1083 3427 1184 3487 minus

109 3529 196 3590 quam
218 3511 379 3591 parietibus
396 3511 584 3592 Pompeianis
603 3513 795 3593 hippolytum
818 3511 943 3572 velatum
966 3510 1182 3590 repraesentari

109 3596 179 3656 olim
202 3596 397 3659 demonstrari
412 3596 522 3677 poterit
537 3617 604 3659 cum
619 3606 787 3677 ‘exoptatum
803 3597 1055 3675 sarcophagorum
1071 3613 1185 3675 corpus

194 3778 228 3838 ²²)
246 3796 269 3830 v.
282 3781 479 3845 tlt-202sq.;
500 3780 530 3831 cl.
549 3778 607 3832 Sen.
618 3783 666 3832 373
686 3783 712 3831 et
728 3780 861 3840 Eur.135;
880 3777 938 3830 Seu.
949 3781 998 3831 358
1012 3781 1039 3831 et
1050 3779 1109 3832 Em.
1125 3782 1183 3841 1743

107 3845 167 3899 Son.
186 3850 237 3899 360
261 3851 287 3897 et
305 3847 363 3898 Eur.
384 3850 445 3906 tlt,
471 3846 529 3899 Sen.
549 3851 597 3900 365
621 3852 646 3899 et
670 3848 809 3909 Eur.183;
838 3848 897 3901 Sec.
917 3849 967 3900 394
992 3853 1018 3899 et
1042 3847 1099 3899 Eur.
1118 3849 1183 3907 rom

107 3915 168 3969 Seu.
185 3917 235 3967 tos
254 3919 280 3966 et
295 3914 353 3966 Eur.
371 3917 434 3975 2153
462 3913 521 3970 Seu.
541 3917 590 3968 396
608 3923 634 3968 et
651 3915 709 3967 Eur.
727 3918 785 3969 220.
