2580 4366
533 217 562 258 t.
585 217 690 260 duntur
712 218 838 262 SENECAE

234 365 259 426 si
283 364 370 425 dorso
393 364 482 426 libeat
505 367 674 447 cornipedis
694 370 771 444 vehi,

233 449 327 511 srenis
350 450 487 512 Castorea
509 452 647 513 mobilior
668 472 758 515 manu

234 535 413 615 Spartanum
436 536 547 615 poteris
569 538 688 600 flectere
712 539 857 619 Cyllaron.

233 629 415 681 ammentum
437 621 535 700 digitis
556 623 645 684 tende
665 623 816 704 prioribus

234 715 263 766 et
285 705 355 768 totis
377 705 505 767 iaculum
528 706 622 787 dirige
643 708 771 770 viribus:
849 754 851 757 -

233 799 293 852 tam
315 791 414 868 longe,
437 791 547 853 dociles
569 793 684 872 spicula
706 795 807 872 sigere,

234 894 296 937 non
317 875 435 937 mittent
457 877 595 955 gracilem
619 878 720 940 Cretes
742 879 950 941 harundinem.

233 970 284 1022 aut
305 960 330 1020 si
353 960 408 1022 tela
431 962 519 1022 modo
541 980 683 1042 spargere
704 962 841 1024 Parthico

233 1044 264 1105 in
287 1045 400 1106 caelum
422 1046 545 1127 placeat,
569 1048 650 1109 nulla
672 1049 737 1110 sine
759 1048 828 1110 alite

233 1130 423 1205 descendent,
446 1131 546 1211 tepido
568 1133 681 1194 viscere
705 1134 823 1194 condita

232 1216 372 1294 praedam
395 1216 431 1277 de
453 1216 557 1279 mediis
580 1216 710 1279 nubibus
731 1219 864 1280 allerent.

318 1300 402 1362 Raris
424 1302 519 1362 forma
540 1301 611 1362 viris
634 1305 762 1378 (saecula
784 1304 933 1384 prospice)

232 1385 369 1465 inpunita
391 1386 456 1448 luit.
500 1394 529 1447 te
550 1387 656 1447 melior
677 1389 751 1449 deus

232 1481 328 1534 tutum
352 1478 515 1551 praetereat
536 1472 690 1552 formaque
712 1471 821 1534 nobilis

231 1556 371 1617 deformis
393 1556 469 1618 senii
490 1567 637 1618 monstret
657 1558 826 1636 imaginem.

232 1722 310 1796 Quid
331 1725 409 1788 sinat
430 1726 569 1788 inausum
592 1726 719 1788 feminae
741 1746 885 1808 praeceps
910 1727 1018 1789 furor?

139 1810 271 1871 'nefanda
294 1810 393 1872 iuveni
415 1811 539 1873 crimina
561 1812 673 1873 insonti
694 1820 826 1892 apparat.

146 1914 183 1956 en
206 1894 332 1956 scelera!
356 1896 472 1975 quaerit
493 1897 576 1959 crine
597 1898 724 1958 lacerato
747 1897 844 1973 fidem,

145 1980 236 2042 decus
259 1999 348 2042 omne
370 1981 468 2042 turbat
491 1983 605 2061 capitis,
627 1990 757 2044 umectat
780 2001 886 2062 genas:

144 2065 303 2127 instruitur
325 2067 407 2128 omni
429 2067 534 2128 fraude
555 2066 683 2128 leminea
705 2067 800 2128 dolus.

230 2149 288 2210 Sed
311 2150 366 2212 iste
390 2151 526 2231 quisnam
549 2161 603 2227 est,
626 2152 741 2230 regium
764 2153 795 2214 in
818 2152 900 2213 vultu
923 2152 1016 2213 decus

144 2252 251 2312 gerens
274 2242 303 2296 et
324 2236 383 2297 alto
405 2238 514 2298 vertice
535 2237 673 2298 attollens
695 2235 806 2317 caput?

144 2327 177 2380 ut
200 2337 250 2380 ora
272 2320 371 2382 iuveni
394 2321 475 2400 paria
497 2320 637 2384 Perithoo
660 2323 745 2400 gerit,

143 2404 176 2464 nl
198 2404 338 2482 languido
361 2406 474 2486 pallore
498 2407 659 2469 canderent
681 2424 774 2485 genae

143 2498 293 2568 staretque
315 2500 395 2551 recta
417 2491 538 2571 squalor
559 2491 690 2553 incultus
712 2510 806 2553 coma.

143 2591 181 2634 en
204 2575 268 2655 ipse
290 2575 424 2637 Theseus
445 2577 580 2639 redditus
601 2576 689 2637 terris
711 2577 803 2638 adest.

491 2727 664 2790 THESEVS

229 2827 360 2890 Tandem
381 2830 502 2909 profugi
525 2829 621 2891 noctis
644 2839 781 2891 aeternae
805 2831 919 2910 plagam

136 2921 283 2992 uastoque
305 2932 408 2976 manes
430 2933 549 2977 carcere
571 2913 756 2976 umbrantem
779 2911 893 2994 poldm‚

144 3007 173 3061 et
194 3000 241 3060 vix
263 2998 397 3079 cupitum
419 3001 567 3062 sufferunt
589 2999 668 3061 oculi
690 3000 778 3061 diem.

142 3086 200 3147 lam
223 3092 326 3164 quarta
349 3084 471 3148 Eleusin
494 3086 572 3147 dona
593 3084 768 3164 Triptolemi
792 3093 872 3146 secat

142 3188 304 3250 paremque
326 3171 436 3232 totiens
458 3171 532 3232 lihra
555 3169 722 3249 composuit
746 3169 833 3245 diem,

142 3254 298 3334 ambiguus
321 3265 354 3317 ut
376 3274 423 3316 me
445 3257 534 3318 sortis
555 3254 675 3333 ignotae
696 3254 791 3316 labor

142 3340 269 3402 detinuit
291 3340 369 3401 inter
390 3341 495 3402 mortis
519 3349 548 3402 et
570 3339 645 3401 vitae
666 3340 751 3401 mala.
842 3410 846 3417 Ι

142 3444 211 3505 pars
234 3444 293 3486 una
315 3425 390 3487 vitae
411 3425 520 3488 mansit
542 3425 670 3487 extincto
693 3425 782 3485 mihi:

229 3613 279 3664 810
298 3609 449 3662 nobilior&
505 3613 552 3662 811
574 3609 745 3676 CyllarumA
803 3610 852 3661 811
872 3606 1036 3660 sinetveh'
1091 3610 1141 3661 819
1160 3607 1221 3660 affe·

142 3693 182 3731 res
199 3681 226 3730 A
295 3681 344 3732 820
362 3679 478 3745 perspice
496 3678 521 3728 E
590 3680 640 3731 823
659 3675 709 3728 del.
726 3691 781 3729 sen.
799 3676 887 3728 limina
904 3677 1017 3728 transeat
1033 3676 1059 3727 A
1111 3678 1161 3730 825
1180 3676 1221 3728 iu-

141 3747 219 3799 somti
236 3745 262 3797 Ε
323 3749 372 3800 828
389 3746 416 3797 iu
434 3747 529 3799 scelere
546 3747 572 3798 A
632 3747 681 3797 828
700 3745 783 3796 omnis
800 3747 826 3796 A
885 3747 933 3798 829
952 3743 1072 3811 quidnam
1091 3743 1116 3795 Ε
1168 3747 1218 3799 831

142 3813 270 3882 pirithoo
288 3815 313 3865 E
330 3813 434 3880 pirithoi
451 3817 471 3880 ς
539 3816 589 3867 832
608 3813 717 3865 candore
733 3813 858 3880 pallerent
876 3815 901 3864 A
979 3814 1027 3866 838
1046 3828 1161 3864 rocenac
1177 3815 1220 3864 in·

142 3886 273 4003 scripptum
290 3881 413 4013 'lkhpspus
431 3882 522 4015 llutpip
548 3950 557 4000 l
592 3883 640 3961 831
644 3884 695 4000 Aet]
713 3883 786 4000 uttA
804 3881 1042 4001 tolesspssseleusin:
1060 3881 1086 3932 iu
1106 3897 1141 3933 ee
1158 3880 1181 3933 is
1200 3883 1219 3934 ι’.

143 3967 196 4004 ros.
241 3967 276 4002 m.
347 3964 460 4002 eeusm
532 3965 626 4003 eeusts
670 3978 729 4002 .-
758 3965 802 4016 rp
