2602 4380
42 189 45 195 ’
136 201 157 262 4
520 211 813 257 u.tumu1suuucau

135 367 307 448 pariterque
322 371 409 426 natus
424 370 500 424 astra
516 363 661 442 promissa
677 369 813 443 occupet,

135 448 166 514 in
183 452 269 514 euius
284 458 367 511 enus
381 448 511 509 mundus
525 447 670 528 impendit
684 447 762 510 diem

136 537 298 616 tardusque
314 535 377 595 Eoo
391 531 530 594 Phoebus
545 532 654 594 effulsit
669 533 741 594 mari

136 623 266 684 retinere
280 636 411 680 mersum
426 618 525 679 iussus
541 618 660 680 Oceano
674 618 760 680 iubar
774 655 816 666 -

132 719 198 768 non
215 706 257 767 sic
272 704 396 767 abibunt
409 702 490 778 udia;
505 703 618 765 vivaces
632 712 699 782 aget

137 791 284 852 violentus
300 790 357 851 iras
373 787 489 850 animus
505 797 534 850 et
548 807 652 850 saevus
668 788 753 849 delur

138 884 258 939 aeterna
271 874 348 937 bella
364 892 436 955 paee
451 873 563 936 sublata
579 880 670 951 geret.

224 960 306 1032 Quae
321 956 419 1020 bella‘l
450 958 592 1039 quidquid
607 958 762 1020 horridum
776 957 864 1020 tellus
881 964 960 1019 creat

140 1045 274 1120 inimica,
290 1043 433 1124 quidquid
449 1052 560 1123 pentus
576 1053 626 1105 aut
640 1062 690 1105 aer
705 1043 771 1104 tulit
816 1050 817 1053 ’

139 1131 271 1193 terribile
286 1130 383 1192 dirum
398 1127 541 1208 pestilens
555 1136 639 1190 atron
650 1129 756 1204 ferum,

140 1217 265 1278 fractum
281 1223 370 1294 atque
386 1213 528 1276 domitum
544 1222 598 1274 est.
627 1222 747 1294 superat
762 1222 791 1275 et
806 1211 914 1275 erescit
928 1212 1012 1275 malis

140 1301 243 1380 iraque
259 1308 359 1362 nestra
375 1299 500 1374 fruitur3
516 1298 547 1359 in
563 1298 666 1361 laudes
681 1316 750 1360 suas

140 1405 205 1448 mea
220 1386 307 1446 vertit
322 1383 404 1445 odia:
421 1384 491 1444 dum
507 1384 595 1445 nimis
611 1401 694 1445 saera
709 1382 834 1464 impero,
947 1383 948 1387 ’

140 1465 254 1551 patrem
270 1468 402 1550 probavi,
418 1468 528 1546 gloriae
542 1468 599 1531 feei
613 1468 721 1530 laeum.

142 1574 200 1636 qua
216 1554 266 1618 Sel
282 1555 428 1616 reducens
443 1572 561 1632 quaque
576 1553 731 1634 deponens
746 1553 824 1616 diem

142 1641 229 1703 binos
245 1639 414 1721 propinqua
429 1639 539 1718 tinguit
553 1639 712 1720 Aethiopas
727 1639 800 1716 face,

143 1726 286 1788 indomita
300 1724 393 1785 virtus
408 1724 516 1785 colitur
531 1732 560 1786 et
574 1731 636 1785 tote
652 1725 725 1786 deus

144 1820 280 1873 narratur
295 1808 378 1871 erbe.
408 1817 539 1871 monstra
554 1809 611 1871 iam
627 1810 734 1872 desunt
748 1809 820 1872 mihi

145 1896 303 1976 minorque
317 1894 401 1956 labar
416 1901 461 1956 est
475 1893 596 1956 Herculi
611 1895 692 1956 iussa
707 1896 822 1976 exequi,

146 1999 234 2062 quam
249 1980 322 2042 mihi
336 1978 455 2041 iubere:
482 1980 576 2041 laetus
592 1980 715 2060 imperia
730 1980 848 2061 exeipit.

146 2084 221 2146 quae
235 2065 297 2127 fera
312 2065 428 2145 tyranni
445 2065 508 2126 iura
523 2065 652 2127 violente
668 2073 778 2145 queant

146 2169 255 2212 nocere
270 2146 392 2212 iuveni?
422 2167 530 2230 nempe
545 2149 682 2229 protelis
697 2149 773 2229 gerit

146 2254 222 2315 quae
237 2235 335 2297 timuit
350 2242 379 2295 et
394 2252 469 2314 quae
484 2234 574 2295 fudit:
591 2242 719 2296 armatus
734 2235 814 2298 venit

146 2321 234 2382 leone
248 2330 279 2382 et
292 2318 393 2399 hydra.
423 2337 480 2380 nee
494 2319 565 2380 satis
578 2327 675 2381 terrae
690 2328 805 2400 patent:

148 2405 263 2482 effregit
278 2422 346 2466 eece
361 2402 452 2465 limen
468 2403 578 2465 inferni
593 2404 669 2465 levis

148 2499 177 2552 et
193 2491 290 2571 opima
304 2488 373 2550 vieti
388 2488 468 2568 regis
482 2489 518 2551 ad
533 2508 658 2569 superos
673 2489 773 2552 refert.

147 2575 205 2636 vidi
221 2575 295 2655 ipsa,
310 2573 367 2634 vidi
383 2582 472 2635 noete
487 2574 620 2636 discussa
635 2574 763 2637 inferum

149 2671 178 2723 et
193 2659 258 2721 llite
274 2659 385 2720 domito
400 2659 494 2739 spolia
509 2660 664 2722 iactantem
680 2661 757 2741 patri

149 2745 288 2807 fraterna.
320 2763 375 2805 eur
389 2762 450 2806 nen
466 2745 596 2807 vinetum
613 2753 641 2807 et
656 2762 833 2827 oppressum
844 2743 934 2805 trahit

150 2829 248 2911 ipsum
265 2830 376 2893 catenis
391 2830 472 2909 paria
488 2831 624 2893 sortitum
640 2831 701 2893 levi

150 2915 307 2994 Ereboque
323 2921 408 2994 capto
425 2915 539 2994 potitur
554 2925 583 2979 et
598 2917 704 2995 retegit
719 2912 831 2996 Styga?

150 3018 254 3081 parum
271 3009 316 3062 est
329 3000 452 3076 reverti,
468 3001 572 3062 foedus
587 3001 758 3063 umbrarum
775 3001 866 3080 perit:

150 3085 294 3166 patefacta
309 3085 345 3146 ab
360 3085 429 3169 imis
441 3085 578 3147 manibus
592 3094 673 3148 retro
687 3086 732 3147 via
748 3093 792 3148 est

152 3177 182 3232 et
196 3189 278 3233 saera
294 3169 375 3232 dirae
389 3171 494 3233 mortis
509 3171 541 3233 in
556 3180 659 3251 aperto
674 3172 780 3234 iacent.

151 3264 181 3317 at
195 3256 254 3332 ille,
269 3264 360 3335 rupte
374 3273 492 3317 earcere
507 3255 680 3318 umbrarum
693 3257 787 3334 ferox,

237 3408 270 3457 24
288 3407 346 3456 ertu
355 3403 387 3456 A.
397 3433 431 3442 -
442 3404 560 3473 impediit
575 3409 595 3471 ς
646 3409 679 3461 26
696 3407 793 3459 iussus:
812 3421 856 3460 sus
872 3410 889 3458 ι’.
902 3421 957 3459 rar.
971 3406 1029 3456 1m.
1039 3403 1064 3454 Ε
1116 3407 1149 3457 30
1167 3402 1228 3470 quid

150 3472 255 3536 bella&
324 3475 357 3525 34
374 3472 477 3526 fruitur:
495 3478 507 3525 t
525 3491 595 3527 eurr.
613 3491 649 3525 aa
665 3490 691 3526 m
709 3475 737 3539 (2
747 3475 840 3541 milli
863 3474 968 3527 fruimur
985 3474 1010 3522 Σ
1079 3474 1111 3525 36
1129 3477 1228 3540 patrem

150 3540 277 3606 probavit.
304 3539 363 3591 inde
380 3556 431 3608 qua
448 3541 532 3595 lucem
549 3543 642 3611 premit
659 3544 684 3594 A
702 3549 729 3594 at
745 3559 823 3595 arara
838 3546 961 3609 genuina
978 3544 1125 3607 scriptura,
1147 3545 1229 3606 quum

151 3610 177 3658 Σ
192 3609 309 3674 praebet,
337 3608 363 3659 Ε
379 3609 397 3661 3
414 3625 448 3662 m.
527 3613 558 3664 37
586 3611 717 3678 aperitque
735 3611 834 3680 Tethys
853 3610 962 3675 (Thetis)
983 3624 1034 3678 qua
1052 3608 1136 3661 ferens
1154 3607 1230 3660 Titan

150 3675 218 3727 diem
230 3675 442 3742 A.-repeuens
460 3677 485 3729 Ε
502 3683 604 3742 aare&
672 3683 705 3734 38
724 3680 830 3748 tinguit:
848 3695 865 3732 ιι
883 3677 1041 3730 dal.1m.ll
1058 3677 1142 3744 tangit
1159 3680 1229 3742 ς.-

150 3743 313 3810 Aethyepes:
332 3759 360 3796 es
377 3746 437 3798 3m.
450 3750 532 3805 imas.
547 3748 598 3799 ltu.
617 3761 646 3800 as
663 3747 688 3798 Ε
705 3755 771 3809 (-as
788 3751 823 3814 Σ)
891 3749 925 3800 43
944 3762 996 3815 quo
1013 3745 1046 3797 A.
1057 3775 1091 3784 —
1109 3745 1180 3798 iussa
1198 3743 1231 3804 A,

150 3815 170 3862 i.
188 3827 243 3862 raa.
263 3809 323 3864 2m.
343 3811 377 3876 Ν,
395 3817 457 3865 ssi.
475 3831 530 3869 rae.
549 3819 564 3868 1
584 3816 695 3868 tuem.
708 3816 734 3867 Ε
750 3817 804 3870 iura
821 3816 855 3867 M
919 3818 953 3868 49
971 3817 1069 3866 fraieet‘
1084 3820 1145 3880 poet
1163 3812 1232 3865 u.54

151 3881 184 3931 tu
202 3880 299 3931 vietum
316 3882 343 3945 ς.
361 3909 396 3921 ·-
413 3881 503 3936 trahite
521 3884 539 3936 h
558 3883 620 3935 add.
637 3883 698 3938 2m.
715 3884 741 3936 Ε
826 3887 860 3938 tu
881 3882 951 3936 dirae
968 3882 994 3934 A
1019 3882 1058 3949 Ε,
1080 3882 1128 3935 aad
1150 3882 1232 3934 iras.

150 3964 186 4000 ex
203 3963 220 4000 ιι
239 3947 327 4012 (durae
343 3950 379 4013 Σ)
