2580 4366
488 212 516 254 L.
539 211 644 253 annam
665 211 792 255 SENECAE

233 361 337 423 discite
358 360 444 422 mites
465 360 602 423 Herculis
624 363 692 423 iras

234 466 270 507 an
295 447 355 506 sola
378 446 495 524 placent
517 446 654 508 Herculis
676 444 779 508 arma?

234 531 309 592 iacet
331 537 398 591 ante
421 531 512 610 pedes
534 550 595 593 non
618 532 723 593 minor*
737 531 788 592 illo

235 616 370 694 supplice
392 616 518 694 supplex
538 617 685 696 vitamque
708 616 782 696 petit
802 651 844 662 -

233 718 359 779 regnum
376 701 487 762 'Troiae
511 719 700 780 quocumque
722 701 800 764 volet

387 785 518 847 Fortuna
540 786 623 846 ierat.

105 889 179 931 unu.
224 869 324 931 Matris
348 870 465 948 quidem
488 889 536 932 me
557 888 674 932 maeror
695 871 835 932 attonitae
860 880 966 950 movet,

106 954 200 1033 magis
223 953 361 1032 Pelasgae
384 974 431 1016 me
453 964 550 1016 tamen
573 963 681 1016 matres
702 965 830 1032 movent,

106 1057 231 1120 quarum
254 1039 310 1101 iste
332 1057 455 1118 magnos
477 1040 584 1102 crescit
606 1041 636 1101 in
659 1040 757 1102 luctus
780 1059 864 1120 puer.

107 1143 191 1194 annu.
235 1124 304 1198 llas,
327 1123 380 1184 has
401 1125 503 1186 ruinas
526 1125 608 1185 urbis
631 1125 662 1185 in
685 1125 815 1187 cinerem
834 1126 920 1189 ¹datae

107 1210 156 1270 hic
178 1206 336 1270 excitabit?
365 1209 419 1270 hae
441 1228 546 1270 manus
568 1209 686 1269 Troiam
710 1209 848 1288 erigent?

107 1294 204 1355 nullas
225 1293 313 1354 habet
335 1312 404 1373 spes
425 1294 523 1370 Troia,
546 1294 570 1355 si
591 1293 664 1356 tales
686 1294 782 1356 habet.

108 1398 169 1439 non
192 1378 235 1440 sic
258 1378 387 1439 iacemus
409 1379 511 1455 Troes,
535 1387 568 1440 ut
591 1379 729 1457 cuiquam
751 1389 847 1442 metus

107 1463 256 1544 possimus
279 1482 354 1525 esse.
399 1464 521 1542 spiritus
544 1463 662 1541 genitor
684 1462 775 1526 facit?

108 1550 161 1610 sed
183 1566 289 1627 nempe
311 1554 431 1609 tractus.
477 1549 540 1627 ipse
562 1555 631 1628 post
652 1549 770 1610 Troiam
792 1556 876 1628 pater

107 1634 256 1714 posuisset
277 1633 401 1708 animos,
424 1651 529 1710 magna
552 1652 627 1711 quos
649 1633 792 1711 frangunt
812 1636 897 1696 mala.

108 1719 132 1780 si
155 1737 252 1797 poena
274 1719 394 1796 petitur,
418 1736 494 1796 quae
517 1719 578 1797 peti
602 1718 717 1795 gravior
739 1717 859 1798 potest?

108 1803 248 1864 lamulare
272 1802 348 1862 collo
372 1803 465 1862 nobili
488 1803 592 1863 subeat
617 1803 730 1881 iugum,

108 1887 218 1949 servire
240 1885 335 1947 liceat.
379 1887 485 1966 aliquis
506 1887 565 1948 hoc
586 1887 649 1966 regi
674 1886 781 1965 negat?

107 1991 181 2033 vum.
225 1971 292 2032 Non
315 1972 372 2032 hoc
394 1971 499 2043 Vlixes,
523 1972 574 2033 sed
598 1981 685 2050 negat
708 1973 828 2034 Calchas
848 1971 911 2033 tibi.

108 2076 194 2118 suun.
239 2055 263 2116 Ο
286 2056 469 2118 machinator
489 2056 601 2118 fraudis
624 2067 654 2118 et
675 2057 820 2118 scelerum
843 2057 955 2132 artilex,

107 2143 215 2202 virtute
237 2141 322 2202 cuius
344 2141 447 2202 bellica
470 2159 557 2202 nemo
580 2141 697 2216 occidit,

109 2225 185 2286 dolis
208 2233 236 2286 et
259 2233 324 2287 astu
346 2226 493 2287 maleficae
515 2225 623 2286 mentis
645 2226 742 2286 iacent

110 2311 196 2373 etiam
218 2309 341 2388 Pelasgi,
364 2318 457 2371 vatem
481 2318 511 2370 et
533 2310 666 2371 insontes
688 2309 760 2370 deos

109 2392 300 2474 praetendis?
329 2395 387 2455 hoc
409 2402 453 2455 est
475 2394 603 2474 pectoris
625 2395 740 2455 lacinus
762 2395 815 2454 tui.

109 2486 257 2540 nocturne
279 2479 373 2552 miles,
395 2480 479 2540 sortis
501 2481 531 2540 in
554 2479 640 2559 pueri
666 2496 767 2540 necem

110 2565 167 2625 iam
189 2563 271 2623 solus
293 2563 383 2624 audes
405 2563 515 2642 aliquid
540 2573 569 2625 et
591 2564 669 2625 claro
693 2563 748 2624 die.

109 2667 183 2710 vnrx.
227 2647 326 2708 Virtus
349 2647 438 2709 Vlixis
460 2649 597 2710 Danaidis
620 2657 688 2709 nota
711 2654 755 2708 est
777 2647 847 2707 satis

110 2732 258 2812 nimisque
280 2732 456 2811 Phrygibus.
501 2753 562 2794 non
583 2742 666 2794 vacat
686 2731 769 2793 ranis
791 2731 868 2792 diem

44 2839 48 2846 ’
111 2829 265 2881 conterere
287 2816 399 2878 verbis:
423 2836 546 2879 ancoras
570 2817 670 2879 classis
692 2817 773 2895 legit.

110 2922 195 2965 nunu.
238 2903 360 2963 Brevem
382 2921 494 2963 moram
517 2901 633 2980 largire,
656 2900 725 2962 dum
748 2899 878 2961 olficium
900 2917 1008 2979 parens
1136 2911 1184 2962 766

111 2997 179 3050 nato
202 3006 374 3066 supremum
397 2988 487 3048 reddo
511 2994 541 3048 et
562 2987 697 3066 amplexu
721 2986 824 3046 ultimo

110 3073 210 3135 avidos
232 3071 349 3132 dolores
371 3073 454 3133 satio.
519 3090 593 3133 vnrx.
638 3071 771 3132 Misereri
793 3070 844 3131 tui*

112 3159 226 3220 utinam
249 3157 359 3218 liceret.
411 3156 489 3236 quod
512 3167 610 3218 tamen
634 3156 729 3217 solum
755 3155 833 3229 licet,

111 3252 229 3324 tempus
252 3260 424 3321 moramque
447 3241 589 3303 dabimus.
632 3239 755 3302 arbitrio
776 3246 827 3300 tuo

111 3329 234 3408 implere
256 3326 398 3387 lacrimis:
429 3328 515 3388 fletus
537 3343 693 3388 aerumnas
714 3324 798 3387 levat.
1138 3334 1184 3386 766

111 3432 196 3474 nunu.
241 3411 265 3472 Ο
288 3411 374 3474 dulce
396 3412 515 3491 pignus,
539 3431 556 3472 o
580 3411 671 3472 decus
692 3409 791 3488 lapsae
814 3408 919 3469 domus

197 3600 246 3651 736
273 3613 358 3648 novae
381 3611 494 3647 coaonae
517 3595 676 3645 reconcilio·
694 3592 777 3645 Vlixes
804 3590 980 3644 Andromacha
1007 3591 1140 3659 Astyanax
1158 3592 1185 3643 A

110 3666 172 3730 (om.
189 3663 243 3729 Ες)
312 3667 361 3717 739
380 3679 413 3716 an
430 3663 476 3715 lras
493 3664 526 3714 A.
544 3691 578 3699 —
595 3661 668 3714 datas
686 3662 711 3712 A
779 3664 829 3713 744
849 3659 986 3712 fractusll
1056 3662 1104 3712 747
1124 3659 1184 3712 sub-

111 3732 198 3784 datu
267 3735 316 3784 750
340 3734 451 3796 εῐιος
520 3733 569 3784 756
591 3729 706 3782 etzeE
775 3731 822 3780 757
848 3727 981 3780 danaisE
1050 3729 1099 3779 758
1118 3727 1185 3796 phy-

111 3800 186 3866 gibus
204 3799 229 3849 E
281 3800 451 3867 7591636616
476 3798 709 3866 legatAeorr.;
760 3799 810 3849 760
829 3812 924 3848 nomon
941 3795 1072 3862 praeficit
1087 3793 1185 3849 2m.u

111 3871 161 3987 'lup
180 3867 354 3985 amplexlusEE
411 3869 460 3920 762
478 3865 607 3919 dolorell
659 3869 709 3919 764
728 3867 880 3934 tempusque
897 3878 993 3916 moram
1011 3863 1036 3918 d.
1054 3862 1080 3914 E
1132 3866 1183 3918 766

112 3951 128 3988 o
163 3950 256 3988 ecuso
286 3975 292 3987 .
1175 3963 1179 3970 -
