2580 4366
110 189 168 250 166
431 203 468 243 nn
490 199 705 243 annunciamus
728 200 857 242 cannara.

54 332 86 411 f?
191 361 308 431 praeter
323 351 504 430 Euripidiam
529 360 600 410 tnnc
622 349 764 428 temporis
782 350 847 410 sine
864 349 953 410 dubio
969 349 1065 411 Ovidii
1079 350 1174 411 Medea

106 437 265 518 plurimum
295 437 325 498 in
356 436 508 497 bominum
541 435 677 494 manibus
699 434 878 508 versabatur,
906 433 935 493 id
958 435 1038 513 quod
1061 435 1174 497 Tacitus

106 523 219 584 iuvenis
248 528 372 582 testatur
396 520 461 580 dial.
489 522 542 582 12:
574 537 623 579 nec
647 518 725 580 tellus
747 518 841 580 Asiau'e'
861 528 914 580 aut
936 518 1089 581 Messallae
1109 520 1175 581 liber

105 619 165 669 tam
187 607 307 668 illustris
328 616 367 666 est
389 624 474 686 petam
491 604 589 665 Medea
606 604 704 664 Ouidii
723 614 776 664 aar
795 602 875 664 Varii
892 601 1039 683 Thyestem
1062 604 1109 666 eui
1124 622 1176 665 neo

105 693 235 753 Senecae
258 691 348 769 patris
372 708 427 750 uec
442 688 616 759 Quintiliani
641 706 695 749 nec
717 688 811 766 ipsius
827 687 921 749 Ovidii
947 688 1175 750 testimoniare·

105 778 258 853 fragantur
287 793 343 835 nec
372 774 499 852 denique
531 774 610 852 quod
640 772 723 833 exilia
754 780 866 833 tantum
896 772 1023 834 frustula
1057 780 1176 834 aemtem

106 861 215 922 tulere:
239 859 269 919 id
291 859 437 937 siquidem
461 877 528 918 cum
553 857 628 917 Varii
651 857 778 934 Thyeste
800 854 960 917 commune
982 856 1081 919 habet.

191 951 261 1004 suut
282 952 378 1005 autem
401 961 476 1022 quae
498 961 533 1002 ex
555 941 676 1003 servatis
693 941 808 1002 duobus
823 941 997 1018 fragmentis
1013 942 1051 1003 de
1065 951 1177 1020 tragoe-

105 1030 169 1090 diae
197 1036 300 1089 natura
329 1027 459 1104 intellegi
486 1026 611 1105 possint.
655 1033 743 1104 atque
766 1026 882 1104 priore,
912 1026 993 1104 quod
1016 1026 1064 1091 his
1086 1025 1177 1087 verbis

105 1113 304 1186 Quintilianus
326 1113 420 1173 adfert
436 1110 509 1183 Vlll,
527 1114 556 1186 5,
573 1114 608 1174 6:
632 1129 701 1170 aum
718 1130 782 1171 cam
796 1114 834 1171 sit
847 1120 955 1171 rectam
966 1104 1082 1173 ‘mamre
1096 1110 1180 1191 facile

105 1212 144 1261 est
171 1200 300 1278 prodesse
328 1191 471 1276 difficile,
494 1196 683 1258 oehenemias
712 1197 790 1274 apud
813 1196 949 1256 Ouidium
971 1194 1075 1258 Medea
1096 1197 1178 1257 dicite

308 1300 423 1342 seruare
442 1284 543 1360 potum
570 1282 689 1360 perdere
711 1299 749 1339 uu
767 1283 876 1359 possim
895 1278 1006 1358 rapas?

106 1368 247 1427 docemur
270 1365 440 1445 Euripidem
464 1383 525 1425 non
549 1382 722 1444 expressum
744 1383 809 1424 esse
831 1363 867 1424 ab
891 1363 1012 1440 Ouidio,
1034 1364 1087 1425 sed
1110 1382 1177 1425 con-

105 1452 238 1531 loquium
269 1469 336 1510 cum
358 1450 462 1510 iasone
491 1450 529 1509 ita
559 1457 730 1522 tractatum,
760 1459 793 1509 ut
822 1467 883 1509 non
910 1448 941 1509 in
964 1450 1131 1510 accusando
1152 1457 1179 1508 et

106 1535 290 1596 defendendo
320 1535 538 1607 contineretur,
569 1534 621 1594 sed
650 1533 743 1594 minas
769 1544 813 1606 et,
843 1533 922 1611 quod
945 1533 1078 1611 proclive
1100 1541 1179 1594 este

106 1621 275 1681 coniectura
298 1619 413 1690 addere,
436 1637 539 1697 preces
562 1618 662 1679 Medea
684 1617 857 1679 effunderet.
894 1616 1017 1697 longius
1031 1618 1070 1679 ab
1085 1636 1179 1679 exem·

105 1705 179 1784 plari
204 1703 339 1765 Ovidium
362 1704 519 1764 recessisse
541 1721 644 1764 versus
666 1702 752 1763 iidem
776 1702 846 1762 iacit
864 1720 953 1780 quem
969 1702 1085 1763 Seneca
1100 1712 1180 1781 pater

105 1791 199 1851 adlert
226 1807 302 1849 suas.
326 1787 382 1864 ill,
407 1792 441 1849 5:
475 1792 547 1848 sicat
569 1792 599 1848 iu
621 1787 672 1847 hac
694 1791 757 1866 ipsa
778 1790 910 1848 suasoria
935 1788 1011 1848 dimit
1033 1786 1178 1862 (Falconem

106 1894 157 1935 car
179 1879 229 1935 iste
251 1878 326 1934 inter
348 1878 407 1934 aias
428 1876 622 1934 ministeriam
640 1869 773 1950 placuit?
796 1889 848 1932 aar
868 1871 919 1931 hoc
941 1891 971 1932 os
991 1873 1060 1933 deus
1078 1869 1179 1950 elegit?

105 1979 157 2021 carr
177 1958 228 2019 hoc
248 1963 369 2019 sortitur
386 1961 568 2037 potissimam
592 1950 717 2034 Ppthr'as’
738 1989 780 1999 -
802 1974 856 2034 qao
879 1965 992 2016 tamam
1014 1974 1075 2017 arom
1097 1960 1181 2035 hnpie

104 2044 197 2105 aiebat
212 2063 241 2104 se
256 2047 400 2104 territatum
414 2061 470 2103 esse
481 2036 782 2120 Vergilmoam‘plena
793 2033 879 2113 deo'S)
892 2074 931 2084 —
946 2044 989 2119 (p.
1002 2042 1054 2116 27,
1069 2042 1120 2114 13)
1132 2040 1180 2101 hoe

7 2248 10 2257 v
107 2228 183 2275 listis.
211 2224 271 2274 item
285 2223 346 2274 Oed.
356 2227 405 2275 644
424 2228 449 2273 et
465 2238 566 2272 mecam
579 2223 686 2288 Erinyn
704 2225 855 2288 pruniceum
874 2223 988 2273 thalami
1005 2224 1122 2276 iraham.
1148 2223 1179 2275 cs.

106 2290 161 2343 Oct.
180 2295 213 2343 24
236 2292 284 2342 illa
303 2291 351 2340 illa
372 2293 436 2340 areale
455 2293 539 2340 tristia
556 2290 659 2357 Erinys
676 2291 801 2340 thalamis
818 2289 929 2355 Stygiae
945 2291 1080 2356 praetulit
1097 2295 1179 2356 ignee.

107 2361 156 2412 262
175 2359 217 2409 illi
234 2359 323 2409 saluta
342 2361 561 2409 crinemcrinem
573 2359 706 2423 anguibus
719 2358 808 2408 ultrix
822 2357 922 2423 Erinys
936 2361 1010 2409 uenit
1020 2359 1059 2409 ad
1071 2358 1180 2426 Stygios

107 2433 186 2478 toros.
223 2424 315 2478 deinde
334 2426 452 2476 Creusam
469 2425 502 2476 ad
519 2440 575 2477 aras
594 2424 710 2478 sacrificii
728 2425 786 2476 loco
810 2423 849 2476 dis
867 2424 981 2476 oblatum
1000 2425 1032 2476 iri
1049 2425 1114 2478 dicit
1130 2442 1180 2478 nou

106 2495 179 2545 aliter
196 2509 272 2560 quam
291 2492 405 2544 Deianira
424 2492 465 2543 ΗΟ
476 2496 524 2546 348
543 2509 584 2543 me
607 2492 727 2558 nuptiali
750 2495 884 2543 uictimam
902 2493 987 2553 feriat
1004 2493 1057 2558 die,
1076 2493 1178 2546 Octavia

106 2579 131 2614 v.
142 2564 192 2615 662
211 2564 258 2612 hoe
277 2561 313 2610 ad
330 2561 462 2610 thalamos
480 2567 585 2611 servata
604 2562 651 2611 dia
671 2563 777 2612 uictima
797 2560 903 2610 tandem
920 2560 1031 2621 funesta
1042 2562 1130 2613 eadm.
1155 2566 1179 2613 et

106 2629 196 2682 eodem
214 2628 290 2680 modo
309 2628 418 2680 hostiam
436 2628 548 2695 appellat
566 2629 661 2746 Llpcum
679 2627 799 2679 Hercules
817 2627 856 2679 ili.
874 2629 932 2687 922,
950 2628 1097 2694 Megaeram
1113 2628 1180 2681 idem

106 2715 130 2750 v.
151 2701 216 2751 1036
235 2698 276 2761 (cl.
297 2698 387 2760 1039),
405 2695 559 2763 Hippolytus
600 2694 717 2746 baedram
736 2693 830 2747 Phaed.
850 2697 899 2747 708
919 2698 1017 2747 iustior·
1034 2712 1179 2763 numquam

105 2765 175 2826 foeta
199 2767 277 2816 datas
301 2768 353 2814 tais
378 2768 416 2813 eat
437 2767 549 2828 sanguis
572 2767 722 2814 arcitenens
744 2764 803 2813 dea.
839 2763 890 2814 iam
908 2778 982 2815 nemo
1001 2768 1065 2829 puto
1083 2779 1116 2817 ex
1133 2764 1179 2815 hoc

106 2832 215 2884 similive
239 2834 296 2883 loco
318 2831 455 2897 quicquam
478 2831 510 2883 de
529 2831 675 2897 tragoediae
693 2830 830 2896 exemplari
847 2830 1028 2895 conligendum
1046 2846 1105 2884 esse
1122 2846 1180 2883 con-

106 2900 201 2953 tendet.
237 2899 346 2966 prolusit
363 2904 448 2950 autem
466 2898 576 2951 Senecae
592 2897 726 2964 Euripides
751 2896 817 2948 bled.
836 2900 885 2950 885
908 2895 963 2964 lyei
983 2894 1011 2948 δ’
1033 2882 1180 2968 &mummi

103 2969 175 3040 χρῆν
192 2971 315 3034 μετεῖναι
333 2964 419 3018 τῶνδε
438 2967 494 3016 τῶν
511 2963 704 3034 βουλευμάτων
721 2969 767 3015 καὶ
784 2964 977 3032 ξυμπεραίνειν
986 2965 1033 3017 καὶ
1044 2966 1181 3035 παρεπά-

106 3054 153 3087 ναι
169 3035 248 3104 λέχει,
266 3032 381 3103 νύμφην
399 3050 427 3084 τε
445 3032 612 3095 κηδεύουσαν
631 3027 748 3095 ἥδεσθαι
766 3031 855 3084 σέθεν.

193 3108 211 3165 ⁸)
230 3102 377 3170 transcripsi
403 3102 487 3153 locum
510 3100 726 3152 intricatissimum
751 3103 779 3151 ut
803 3100 877 3151 datur
895 3114 909 3150 a
927 3098 1093 3167 Kiessiingio.
1129 3102 1180 3168 pri-

106 3189 174 3224 mum
193 3172 298 3239 Vergilii
322 3185 412 3222 versus
436 3184 488 3236 quo
512 3184 573 3221 usus
595 3175 634 3220 est
649 3169 747 3220 Fuscus
764 3183 814 3219 non
833 3172 903 3219 extat
919 3167 945 3217 iu
963 3169 1073 3239 servatis
1090 3175 1180 3236 poetae

105 3241 266 3292 carminibus.
309 3239 355 3291 ecl.
375 3241 404 3299 3,
429 3240 461 3289 60
487 3238 557 3287 louis
581 3239 671 3287 ommia
690 3236 773 3301 plena
803 3235 877 3287 nimis
903 3235 933 3285 ab
958 3234 1009 3287 boc
1030 3244 1179 3304 argumento

106 3308 217 3359 alienum
234 3312 281 3360 est.
319 3305 478 3372 aptissimum
496 3305 580 3355 iocum
598 3303 729 3355 habuisset
745 3304 809 3354 Aen.
829 3302 869 3368 Vl,
887 3305 918 3355 'll

311 3380 339 3425 at
357 3374 455 3423 Phoebi
471 3371 590 3422 nondum
608 3375 713 3435 patiens
730 3373 854 3421 immania
873 3373 901 3420 in
920 3375 999 3421 antro

312 3443 460 3492 bacchatae·
477 3445 549 3489 vates
566 3454 694 3503 magnum
712 3443 736 3488 ci
751 3444 860 3503 pectore
876 3440 961 3504 poerit

312 3511 458 3559 emouasiare
476 3508 562 3557 deam.

106 3588 182 3639 quem
204 3574 289 3626 locum
314 3580 340 3626 et
362 3575 434 3627 multi
454 3577 632 3640 expressemut
650 3577 676 3624 et
694 3571 798 3623 Ovidius
817 3571 973 3638 expressisse
990 3571 1074 3625 videri
1091 3573 1182 3639 possit.

108 3640 153 3693 sed
172 3655 230 3692 oum
248 3640 279 3691 de
290 3639 401 3693 Senecae
420 3643 499 3709 patris
517 3655 600 3692 errore
617 3640 661 3690 vix
679 3640 842 3706 cogitandum
860 3638 1050 3691 alcredendum
1064 3640 1183 3693 videatur

110 3708 212 3774 Vergilii
232 3722 332 3759 versum
351 3709 469 3760 amissum
489 3724 555 3773 esse,
573 3723 604 3758 ue
621 3708 658 3760 sic
676 3707 779 3774 quidem
797 3707 870 3760 Fusci
889 3707 1032 3759 sententiae
1050 3723 1111 3760 cum
1120 3708 1183 3761 Var-

109 3775 170 3842 gilio
189 3775 251 3826 satis
270 3775 389 3826 convenit
408 3782 435 3827 ut
452 3781 550 3827 tantum
569 3791 619 3825 uon
637 3775 715 3842 impie
733 3791 791 3826 eum
814 3775 928 3826 imitatus
945 3789 1003 3827 esse
1020 3774 1114 3828 merito
1132 3776 1184 3829 dici

108 3846 198 3909 queat:
216 3857 265 3908 qua
284 3841 316 3894 de
333 3857 409 3894 eausa
428 3847 547 3903 extrema,
567 3858 632 3909 quae
650 3843 687 3895 sic
705 3843 757 3895 fere
775 3843 801 3893 in
818 3841 892 3894 codd.
910 3843 1043 3908 leguntur:
1063 3858 1115 3895 aar
1133 3846 1185 3897 hee

107 3913 222 3962 roratur
238 3913 404 3977 potissimam
420 3915 506 3977 poetis
524 3911 597 3975 qaod
609 3916 713 3963 tantum
724 3926 779 3963 noa
791 3914 872 3977 impia
883 3926 906 3964 e.
917 3926 942 3977 q.
951 3925 974 3964 a.
983 3910 1118 3976 (Phoebeae
1129 3928 1185 3979 quo
