2580 4366
109 204 172 266 276
301 199 307 207 ”
493 219 521 262 n.
544 219 648 262 unuani
670 220 796 262 sennenn

110 390 171 434 non
195 371 279 431 licuit
301 388 374 431 esse.
419 368 443 429 si
465 380 552 447 negat
574 370 703 431 mundus
726 371 801 432 feras

108 456 274 519 'tanimnm
297 471 462 530 novercam,
485 454 574 515 redde
597 473 678 516 nunc
700 463 768 516 nato
791 465 904 535 patrem

108 541 154 603 vel
176 550 252 602 astra
276 540 354 600 forti.
400 557 456 600 nec
477 547 545 617 peto
568 548 602 601 ut
623 549 771 601 monstres
793 541 865 616 iter;

109 626 246 706 permitte
268 633 393 699 tantum,
417 623 548 703 genitor:
572 623 718 685 inveniam
741 625 825 686 viam.

108 711 154 772 vei
177 711 201 772 si
224 709 310 770 times
333 727 370 770 ne
392 717 470 769 terra
494 708 642 788 concipiat
663 710 750 785 feras,

108 805 250 876 properet
272 793 379 854 malum
404 793 620 873 quodcumque,
644 794 714 854 dum
736 806 815 855 terra
837 794 996 857 Herculem
1165 809 1194 860 35

108 879 196 941 habet
218 879 368 956 videtque:
394 896 461 939 nam
485 878 551 958 quis
574 879 692 940 invadet
713 879 787 940 mala

109 972 160 1026 aut
183 962 249 1044 quis
271 982 326 1043 per
349 963 436 1024 urbes
459 981 563 1024 rursus
586 962 738 1041 Argolicas
760 964 816 1025 erit

108 1049 233 1111 lunonis
256 1048 323 1108 odio
346 1045 477 1127 dignus?
507 1047 537 1109 in
561 1056 657 1109 tutum
680 1066 760 1110 meas

12 1157 17 1173 ·
108 1134 210 1195 laudes
233 1133 342 1211 redegi,
366 1132 446 1194 nuiia
468 1151 515 1193 me
538 1133 626 1194 tellus
648 1133 729 1195 silet:

109 1238 155 1280 me
178 1218 270 1279 sensit
295 1235 379 1278 ursae
400 1217 540 1296 frigidum
563 1218 716 1297 Scythicae
739 1236 834 1298 genus

108 1303 259 1381 Indusque
283 1301 402 1363 Phoebo
426 1301 570 1377 subditus,
597 1320 705 1364 cancro
728 1303 817 1382 Libys
824 1321 832 1378 ;

107 1395 147 1462 te,
171 1387 248 1448 clare
269 1386 367 1462 Titan,
389 1395 495 1448 testor:
520 1387 638 1448 occurri
660 1387 712 1448 tibi

61 1539 63 1543 ,
108 1490 294 1552 quacumque
317 1471 422 1550 fulges,
446 1490 501 1532 nec
524 1490 606 1532 meos
627 1472 677 1533 lux
701 1473 842 1552 prosequi

108 1557 206 1637 potuit
228 1556 406 1635 triumphos,
430 1556 500 1616 solis
524 1556 636 1618 excessi
658 1557 737 1619 vices

107 1643 244 1721 intraque
268 1652 384 1703 nostras
406 1641 536 1702 substitit
558 1649 649 1702 metas
673 1641 744 1703 dies.

109 1737 213 1789 natura
236 1726 332 1800 cessit,
356 1734 434 1786 terra
456 1725 562 1787 defecit
584 1726 722 1806 gradum:

109 1812 215 1872 lassata
238 1811 321 1890 prior
343 1818 396 1870 est.
441 1829 500 1871 nox
523 1821 551 1871 et
574 1820 737 1873 extremum
760 1812 849 1872 chaos

109 1896 141 1957 in
164 1915 211 1957 me
233 1895 412 1956 incucurrit:
437 1895 505 1955 inde
528 1895 665 1958 adhunc
688 1895 789 1956 orbem
812 1895 884 1969 redi,

109 1998 197 2043 nemo
219 1980 299 2041 unde
320 1988 400 2040 retro
422 1989 476 2042 est.
520 1980 643 2042 tulimus
666 1981 775 2043 Oceani
797 1980 901 2052 minas,

109 2085 165 2128 nec
187 2065 246 2126 ulia
268 2064 358 2125 valuit
380 2073 500 2144 quatere
523 2074 681 2145 tempestas
703 2074 796 2128 ratem

109 2167 327 2230 quamcumque
348 2150 444 2228 pressi
467 2182 507 2194 -
530 2168 600 2229 pars
622 2159 712 2229 quota
735 2159 779 2211 est
800 2149 927 2211 Perseus
948 2148 1031 2212 mei?

109 2235 167 2297 iam
189 2253 298 2295 vacuus
320 2236 423 2295 aether
445 2253 505 2295 non
528 2243 627 2315 potest
649 2235 717 2295 odio
739 2243 808 2296 tuae

109 2320 246 2381 sufficere
268 2328 378 2398 nuptae
401 2337 533 2398 quasque
556 2319 706 2380 devincam
728 2320 805 2380 feras

108 2403 196 2466 tellus
218 2404 301 2464 timet
323 2403 481 2483 concipere
504 2422 559 2465 nec
581 2413 712 2466 monstra
735 2403 857 2467 invenit.

108 2490 188 2550 ferae
211 2496 371 2567 negantur:
395 2487 536 2549 Hercules
559 2489 684 2549 monstri
706 2488 772 2548 loco

109 2573 166 2634 iam
190 2573 287 2652 coepit
308 2591 388 2647 esse3
412 2582 522 2651 quanta
545 2572 623 2633 enim
646 2573 720 2650 fregi
742 2572 827 2648 mala,

109 2666 182 2737 quot
204 2658 315 2719 scelera
338 2657 451 2719 nudus!
482 2657 625 2736 quidquid
649 2657 776 2718 immane
799 2658 921 2732 obstitit,

109 2742 189 2804 solae
212 2761 317 2803 manus
340 2750 484 2817 stravere;
508 2760 564 2804 nec
587 2742 701 2803 iuvenis
724 2743 800 2804 feras

107 2827 193 2889 timui
217 2845 273 2888 nec
295 2827 403 2888 infans.
447 2827 591 2905 quidquid
615 2835 659 2889 est
681 2827 794 2888 iussum
817 2827 879 2889 leve
901 2834 955 2901 est,

108 2930 165 2973 nec
187 2911 246 2973 ulla
269 2911 356 2972 uobis
378 2912 478 2989 segnis
501 2911 598 2974 illuxit
619 2912 691 2973 dies.

109 3014 126 3055 o
149 3004 258 3075 quanta
280 2995 344 3056 fudi
366 3005 498 3058 monstra
521 3015 596 3076 qnae
620 2997 721 3058 nullus
742 2996 814 3057 mihi

108 3099 159 3142 rex
181 3080 350 3160 imperavit!
381 3081 487 3144 institit
508 3081 601 3143 virtus
623 3081 695 3142 mihi

106 3165 223 3227 lunone
246 3164 340 3244 peior.
385 3167 435 3227 sed
458 3166 529 3245 quid
553 3165 723 3246 inpavidum
746 3183 841 3244 genus

106 3249 211 3312 fecisse
234 3248 380 3329 prodest?
410 3269 471 3311 non
494 3252 603 3312 hahent
625 3269 727 3331 pacem
750 3251 813 3312 dei:

107 3343 231 3414 purgata
253 3335 341 3396 telius
365 3336 462 3398 omnis
484 3336 515 3398 in
538 3335 618 3398 caelo
640 3335 719 3397 videt
1159 3349 1189 3399 65

178 3471 211 3521 30
230 3468 267 3520 sic
285 3470 363 3534 negat
380 3469 404 3519 A
448 3472 478 3522 31
498 3483 607 3521 noverca
618 3470 643 3521 A
655 3482 770 3521 coercam
781 3472 860 3534 signo
873 3468 1043 3534 corruptelae
1056 3469 1152 3523 addito
1164 3471 1190 3523 Ε

110 3539 213 3587 conieci
236 3535 338 3587 taudem
362 3550 487 3588 novercae
511 3537 626 3600 (nimium
650 3551 775 3590 novercae
798 3536 833 3589 Ν.
851 3538 976 3588 Heinsius
1000 3536 1062 3589 adv.
1079 3554 1108 3604 p.
1127 3534 1189 3605 434)

110 3605 142 3657 39
161 3603 245 3721 recepi
262 3604 287 3653 A
339 3606 373 3655 to
391 3603 424 3656 Sc
445 3603 550 3669 tiriae&
601 3608 632 3656 41
653 3604 737 3657 cancri
753 3604 778 3655 Ε
837 3607 870 3657 43
889 3604 962 3672 fuges
980 3603 1006 3654 Ε
1058 3609 1092 3660 45
1110 3607 1189 3660 infra-

109 3685 160 3737 que
177 3686 208 3722 co
229 3671 254 3721 d.
272 3675 394 3723 correcti
434 3676 563 3723 ronoviue
620 3672 757 3726 artaxata
795 3687 821 3724 er
838 3685 879 3724 rue
897 3673 947 3736 (est
964 3671 1027 3724 add.
1046 3677 1076 3739 ς)
1094 3676 1189 3728 noxA

109 3741 143 3791 48
161 3738 270 3790 cucurrit
288 3739 313 3789 A
397 3742 431 3792 49
449 3739 517 3792 unde
535 3755 610 3793 omne
627 3743 695 3792 retro
713 3745 753 3792 est
769 3688 795 3791 Ε
819 3739 886 3792 nude
904 3753 978 3792 neruo
997 3747 1065 3793 retro
1084 3744 1110 3794 A
1128 3757 1188 3796 cor·

110 3808 184 3856 rexit
200 3806 343 3858 Aeeemius
361 3810 418 3872 (qui
435 3823 495 3858 oum
512 3809 537 3859 A
555 3811 646 3859 omisit
663 3810 712 3873 est)
765 3811 795 3860 ot
816 3822 977 3874 quacumque
995 3813 1023 3872 ς.
1041 3838 1077 3848 -
1095 3811 1190 3878 pressit

109 3872 142 3924 Ε.
160 3900 194 3912 -
212 3887 270 3939 pars
295 3877 375 3941 quota
393 3879 432 3927 est
454 3891 530 3942 quam
548 3890 689 3943 prosequor
706 3877 732 3927 A
801 3878 834 3928 52
852 3890 934 3942 vagus
951 3875 984 3927 Ε.
1004 3906 1036 3916 -
1060 3878 1189 3946 potnitB

105 3943 141 3995 56
159 3944 257 4009 quanta
275 3957 343 3995 nunc
362 3942 438 3994 codd.
457 3947 579 3995 corrasit
591 3942 709 3996 'Botdios
780 3946 813 3996 64
830 3941 936 4010 fregisse
954 3943 979 3995 Ε
