2580 4366
527 229 646 272 OCTAVIA

178 375 309 451 verbera,
332 395 430 439 saevas
452 396 536 457 passa
560 389 687 457 catenas,

177 462 292 536 funera,
316 461 423 538 luctus,
446 463 564 525 tandem
588 464 678 528 letum

178 547 305 608 cruciata
327 547 388 608 din.
432 547 502 608 felix
524 549 659 613 thalamis

176 631 256 693 Liria
278 631 366 693 Drusi
389 632 525 712 natisque
545 634 642 697 ferum

176 714 242 777 ruit'
257 717 288 777 in
312 717 427 778 facinus
450 735 637 800 poenamque
659 739 751 786 suam.

178 801 250 863 lotia
273 801 374 863 matris
398 802 455 863 tata
477 813 577 866 secuta
599 814 660 881 est3
682 871 685 876 ⁴

176 896 243 966 post
265 886 354 965 longa
375 893 473 949 tamen
496 896 630 969 tempora
652 892 731 952 ferro

176 989 261 1032 caesa
282 981 336 1047 est,
359 973 492 1051 quamvis
514 974 639 1036 erimine
662 976 754 1039 nullo.

175 1057 245 1135 quid
268 1074 329 1118 uon
352 1057 449 1136 potuit
469 1059 618 1137 quondam
641 1061 774 1139 genetrix

177 1153 226 1202 tua
248 1159 324 1220 quae
346 1142 421 1203 rexit
443 1143 588 1223 principis
611 1145 705 1207 aulam

175 1243 240 1287 eara
263 1226 366 1288 marito
389 1237 536 1307 partuque
559 1228 689 1308 potens?

175 1310 275 1372 eadem
297 1312 408 1373 famulo
429 1311 561 1375 subiecta
582 1333 638 1378 suo

175 1395 280 1457 oeoidit
301 1396 358 1457 diri
380 1396 481 1458 militis
503 1417 584 1460 ense.

176 1481 247 1559 quid
269 1480 317 1541 oui
340 1480 424 1543 linuit
445 1499 572 1560 regnum
593 1484 625 1544 in
649 1483 761 1546 eaelum

175 1582 304 1644 sperare,
327 1582 435 1644 parens
457 1573 536 1627 tanta
558 1565 709 1628 Neronis?
751 1607 753 1612 -

176 1668 236 1710 non
259 1650 376 1711 funesta
398 1648 500 1710 violata
523 1668 613 1712 manu

175 1733 294 1813 remigis
316 1742 394 1808 ante,

174 1837 242 1878 mox
265 1827 294 1879 et
316 1819 395 1879 terro
417 1818 543 1880 lacerata
566 1819 615 1880 diu

175 1904 251 1965 saevi
273 1903 363 1965 iacuit
384 1901 498 1964 victima
522 1901 607 1965 uati?

174 2006 236 2048 ocr.
281 1987 328 2049 Me
350 2005 469 2067 quoque
492 1989 590 2050 tristes
613 1989 701 2050 mittit
723 1990 757 2051 ad
780 1991 900 2053 umbras

174 2072 255 2133 ierus
278 2082 307 2133 et
328 2090 430 2133 manes
453 2091 522 2133 ecoe
545 2081 699 2153 tyrannus.

173 2157 244 2235 quid
267 2157 322 2218 ianr
346 2158 454 2218 trustra
477 2157 641 2219 miseranda
664 2156 788 2221 moror?

173 2241 268 2322 rapite
290 2242 325 2303 ad
348 2242 439 2304 letum
462 2242 529 2321 quis
552 2244 598 2304 ius
621 2243 652 2304 iu
675 2263 731 2305 nos

172 2325 304 2388 Fortuna
326 2326 414 2388 dedit
459 2335 552 2388 testor
573 2346 698 2408 superos
722 2364 763 2376 -

171 2411 242 2489 quid
265 2413 337 2489 agis,
360 2409 503 2472 demens?
533 2431 622 2491 pareo
645 2414 758 2492 precari

172 2495 280 2574 quibus
303 2496 395 2557 invisa
418 2515 449 2557 es
471 2498 593 2559 numina
616 2498 724 2560 divum.

172 2580 295 2642 Tartara
318 2588 411 2642 testor

171 2664 321 2744 Erebique
343 2665 411 2726 deas
433 2665 580 2728 scelerum
603 2667 724 2727 ultrices

172 2757 261 2822 otte,
284 2750 402 2827 genitor
443 2775 485 2827 a¹
529 2778 546 2810 a
591 2751 714 2829 dignum
737 2751 787 2812 tati

170 2841 265 2894 morte
288 2841 317 2894 et
338 2852 448 2912 poena:
473 2853 534 2895 non
557 2834 650 2896 invisa
673 2842 717 2895 est

171 2936 252 2979 mors
274 2918 327 2979 ista
349 2917 431 2979 mihi.

171 3009 281 3064 armate
302 3012 404 3076 ratem,
428 3002 492 3064 date
515 3002 576 3063 reia
600 3002 682 3064 iretis

174 3087 327 3166 ventisque
350 3095 430 3167 petat
451 3088 562 3167 puppis
584 3095 683 3148 rector

172 3171 363 3234 Pandatariae
385 3171 471 3238 litora
494 3182 598 3233 terrae.

171 3275 255 3318 cnon.
299 3257 396 3319 Lenes
417 3275 505 3318 aurae
527 3257 706 3337 zephyrique
728 3254 816 3332 leves,

172 3349 276 3403 tentam
299 3342 447 3421 quondam
471 3341 550 3403 nube
572 3340 701 3403 aetheria

129 3543 178 3595 948
197 3541 260 3594 texit
280 3540 351 3592 ΤΗΙ)
427 3543 477 3593 950
495 3539 597 3593 tandem
620 3540 637 3591 t.
658 3539 678 3589 0
750 3541 867 3594 955-57
887 3538 940 3589 duo
965 3539 1072 3589 dimetri
1092 3543 1119 3589 et

42 3615 204 3661 monometer
221 3613 250 3660 in
268 3609 345 3660 codd.
414 3611 464 3661 956
482 3607 560 3659 mittit
577 3609 612 3672 H]
632 3608 716 3659 mittet
733 3607 791 3658 rell.
861 3608 910 3659 959
929 3606 946 3658 i.
964 3605 995 3657 ad
1014 3620 1047 3656 m.
1066 3605 1117 3656 ΜΟ

43 3681 90 3732 961
111 3676 203 3743 quibus
222 3680 246 3727 Φ
263 3677 303 3728 ius
320 3675 413 3742 quibus
429 3676 456 3728 in
474 3674 552 3728 nosL
604 3679 655 3730 964
672 3675 764 3741 quibus
783 3673 840 3738 db]
859 3673 916 3740 qais
933 3672 988 3725 ΝΠ
1002 3672 1118 3740 quisquis

42 3744 74 3796 M
126 3746 176 3798 966
193 3745 256 3796 deos
270 3744 301 3794 d!
354 3745 403 3797 aot
424 3744 604 3794 desideramus
627 3745 844 3809 imprecationem
867 3742 959 3793 talam:
983 3739 1059 3809 perde
1077 3744 1117 3808 ty-

41 3827 149 3865 rannum
209 3815 258 3866 972
278 3810 380 3864 tandem
391 3810 496 3863 Phariae
508 3812 595 3861 ΣΦΙΠ
609 3812 712 3878 (pharae
729 3809 827 3862 Tiarie
841 3809 861 3875 Ι)
876 3815 997 3861 correxit
1010 3808 1117 3876 Lipsius

42 3883 93 3935 916
111 3894 183 3932 enon.
202 3897 253 3932 om.
273 3879 332 3931 M¹t
350 3908 384 3917 —
402 3878 472 3932 lenes
490 3878 546 3946 Σι]
564 3879 636 3932 leros
655 3881 712 3931 ΦΠ.
730 3908 764 3917 -
782 3894 804 3934 n.
817 3878 888 3931 lenes
907 3877 929 3942 Q
981 3881 1031 3931 974
1045 3877 1116 3929 ethe-

41 3963 85 4002 rea
104 3946 187 4009 201ss
203 3948 288 3999 ethera
308 3945 330 3998 u
348 3963 418 4000 corr.
437 3951 456 4011 ς
1001 3949 1011 3956 “

859 4029 918 4082 Ἃ*
