2580 4366
490 250 635 292 nnacvnns
657 234 805 310 [onranvs]

107 418 181 480 quas
204 399 316 472 timeat3
341 397 416 460 odiis
438 399 539 479 accipe
560 400 618 462 hoc
638 401 731 461 telum
754 400 829 462 tais:

59 501 75 510 “
108 503 163 564 ego
186 484 240 544 sim
264 501 401 544 noverca.
446 485 572 563 perdere
593 485 714 547 Alciden
738 494 839 565 potes:

106 569 207 651 perier
229 586 335 629 manns
358 587 563 648 quocumqne3
586 570 657 647 quid
680 586 787 643 cessas,
811 567 887 632 dea‘l

106 662 192 716 utere
213 653 331 715 furente
356 686 392 697 -
418 654 497 732 qnod
520 654 604 716 iubes
626 654 690 715 fieri
713 652 817 715 nelas‘l

106 739 215 818 reperi,
240 737 310 818 qnid
333 736 458 799 haeres?
488 739 552 818 ipsa
575 740 631 800 iam
655 757 752 801 cesses
774 738 853 814 licet,

106 826 180 886 haec
203 824 244 884 ira
268 824 337 884 satis
360 831 414 883 est.
468 842 531 884 nvr.
576 823 708 885 Pectoris
731 822 795 886 sani
818 841 932 903 parum,

107 911 235 983 alomna,
260 916 383 986 questus
405 908 568 987 comprime
590 918 619 969 et
639 909 770 970 flammas
792 909 892 983 doma;

107 996 191 1055 irena
215 992 356 1053 dolorem.
401 993 558 1070 coniugem
580 993 703 1054 ostende
726 992 872 1055 Herculis.

108 1098 167 1140 nnr.
212 1078 274 1138 lole
296 1077 369 1138 meis
392 1078 503 1157 captiva
526 1095 683 1155 germanos
705 1077 785 1139 dabit

107 1164 184 1226 natis
207 1163 343 1240 lorisque
364 1163 413 1224 fiet
436 1181 471 1222 er
493 1162 600 1223 famula
624 1160 742 1224 nurus?

107 1267 170 1310 non
193 1248 307 1309 flamma
331 1264 436 1309 cursus
459 1247 570 1326 pariter
591 1257 620 1309 el
641 1256 760 1309 torrens
781 1248 856 1308 leret

107 1344 138 1395 et
159 1351 227 1393 orsa
250 1341 374 1412 pontum
397 1332 473 1393 sicca
496 1333 664 1394 caeruleum
687 1331 769 1393 bibet
789 1367 831 1377 —

107 1436 169 1480 non
194 1417 242 1477 ibo
265 1416 373 1478 inulta:
399 1417 525 1494 gesseris
548 1417 661 1479 caelum
683 1416 753 1477 licet

106 1511 248 1580 totusque
270 1519 372 1580 pacem
395 1501 499 1562 debeat
521 1502 651 1563 mundns
674 1501 737 1574 tibi,

107 1596 154 1649 est
176 1587 285 1664 aliquid
308 1585 398 1665 hydra
422 1584 522 1664 peius:
546 1585 636 1646 iratae
658 1585 743 1644 dolor

107 1681 228 1750 nuptae.
272 1670 340 1749 quis
362 1671 440 1746 ignis
462 1679 563 1731 tantus
585 1670 617 1730 in
641 1669 754 1730 caelum
776 1668 850 1729 furit

106 1756 238 1818 ardentis
261 1752 394 1816 Aetnaei
425 1754 568 1833 quidquid
591 1763 636 1815 est
656 1754 765 1814 victum
788 1753 841 1814 tibi

107 1842 159 1903 hic
179 1840 276 1901 vincet.
297 1840 413 1900 animus
434 1873 477 1883 —
500 1846 583 1918 capta
606 1837 767 1917 praeripiet
788 1834 893 1898 toros?
973 1854 976 1861 ’

106 1927 205 1988 adhuc
226 1925 363 1987 timebam
387 1929 528 1997 monstra,
550 1923 608 1984 iam
630 1922 747 1983 nullum
769 1931 814 1983 est
835 1921 960 1984 malum:

107 2028 225 2073 cessere
247 2019 355 2088 pestes,
378 2009 409 2069 in
431 2009 531 2069 locum
553 2009 633 2068 venit
654 2008 733 2068 lerae

106 2096 201 2158 invisa
223 2095 335 2172 paelex.
380 2111 493 2154 summe
517 2101 572 2171 pro
596 2100 695 2153 rector
716 2091 805 2153 deum

109 2190 140 2242 et
162 2180 239 2241 clare
261 2178 361 2253 Titan,
385 2177 522 2239 Herculis
545 2185 659 2238 tantum
682 2177 726 2237 lui

108 2265 242 2328 coniunx
265 2261 410 2337 timentis;
433 2272 498 2323 vota
521 2281 596 2340 qnae
618 2262 736 2342 superis
758 2260 812 2322 tuli

109 2367 227 2412 cessere
250 2356 361 2427 captae,
383 2346 488 2427 paelici
511 2347 580 2408 felix
603 2347 678 2422 lni,.

109 2434 152 2496 illi
175 2452 256 2494 meas
278 2432 410 2507 audistis,
433 2451 450 2492 o
474 2432 585 2511 superi,
608 2449 723 2512 preces,

110 2518 269 2581 incolumis
292 2517 334 2578 illi
355 2525 466 2578 remeat
488 2550 529 2561 -
551 2535 569 2577 o
593 2517 672 2578 nulla
695 2515 780 2576 dolor

111 2610 250 2665 contente
273 2617 379 2681 poena,
403 2620 511 2681 quaere
534 2602 678 2681 supplicia
702 2600 831 2675 horrida,

110 2688 279 2766 incogitata,
302 2686 430 2760 inlanda,
453 2687 597 2747 lunonem
622 2686 694 2747 doce

110 2774 183 2852 quid
207 2772 272 2833 odia
293 2772 422 2832 valeant:
447 2771 543 2832 nescit
563 2771 650 2832 irasci
673 2771 752 2831 satis.

110 2876 167 2939 pro
189 2876 237 2918 me
260 2855 382 2936 gerebas
404 2855 489 2931 bella,
512 2864 636 2934 propter
657 2873 704 2915 me
726 2871 813 2932 vagas

112 2943 261 3005 Achelous
283 2940 377 3002 undas
399 2939 545 3017 sangnine
568 2939 669 3000 iniecit
690 2957 756 3013 suo,

112 3046 180 3089 cum
203 3026 281 3088 lenta
304 3043 428 3105 serpens
450 3026 544 3102 lieret,
567 3025 598 3086 in
620 3033 737 3085 taurum
760 3030 875 3084 trucem

112 3130 195 3174 nunc
217 3113 349 3173 flecteret
370 3119 508 3190 serpente
531 3109 662 3190 deposita
685 3109 790 3183 minas,

111 3206 143 3259 ct
166 3197 244 3258 mille
266 3196 298 3256 in
320 3195 406 3257 hoste
429 3195 562 3257 vinceres
585 3213 646 3257 nno
668 3195 756 3256 feras.

113 3283 171 3344 iam
194 3281 393 3361 displicemus,
416 3289 500 3359 capta
522 3280 648 3360 praelata
671 3288 717 3341 est
739 3277 810 3338 mihi
833 3310 875 3322 -

114 3386 176 3428 non
199 3367 398 3446 praeferetur:
422 3365 474 3444 qui
496 3364 559 3427 dies
581 3365 698 3427 thalami
721 3363 844 3424 ultimus

114 3453 210 3513 nostri
233 3461 278 3513 est
299 3452 428 3524 saturus,
452 3448 500 3509 hic
521 3450 578 3510 erit
600 3450 674 3511 vitae
695 3459 773 3511 tuae.

111 3537 186 3616 quid
209 3534 287 3597 hoc‘l
316 3533 427 3596 recedit
448 3533 564 3596 animus
587 3546 617 3597 et
637 3534 723 3615 ponit
744 3532 869 3611 minasc

202 3773 251 3822 220
269 3768 353 3820 timuit
371 3768 395 3819 Ε
465 3769 514 3820 271
532 3781 588 3817 sum
607 3766 683 3818 codd.
703 3768 825 3816 corrasit
843 3766 874 3815 do
894 3763 1075 3816 Wlamowr'lz
1139 3764 1189 3814 274

115 3838 204 3906 peperi
222 3836 397 3900 Macro&
466 3833 721 3887 mannassen.
744 3833 922 3885 -nvrald
966 3833 1015 3884 280
1034 3845 1093 3882 nura
1112 3830 1137 3881 fl.
1155 3831 1188 3881 A.

114 3935 149 3946 -
168 3904 282 3957 lerentA
334 3906 383 3957 283
401 3902 510 3954 mundus
528 3900 623 3953 mihill
675 3904 726 3954 284
744 3901 769 3953 h.
789 3901 912 3968 polias&
963 3902 1013 3953 286
1032 3898 1191 3950 hnethoaed’

112 3976 167 4028 290
186 3976 313 4039 protector
332 3971 408 4023 codd.
427 3973 547 4021 corrasit
564 3968 671 4036 Lipsius
722 3971 772 4022 295
790 3970 932 4023 incolomes
949 3967 974 4018 Ε
1026 3970 1079 4020 act
1094 3966 1198 4030 anmi.
