2580 4366
537 247 713 292 adimuntur

86 415 153 457 auc.
211 397 309 458 Pretio
333 404 431 476 parata
454 398 582 460 vincitur
603 399 699 479 pretio
720 399 802 460 fides.

86 500 166 542 onir·
211 483 312 560 Surgit
334 482 469 545 residuus
492 483 634 563 pristinae
656 485 763 545 mentis
785 485 883 563 pudor
903 519 946 531 —

86 568 156 646 quid
180 564 350 648 obstrepis?
380 568 450 647 quid
474 587 544 628 voce
568 569 757 647 blandiloqua
778 571 853 632 mala

85 651 208 712 consilia
231 649 345 713 dictas?
376 653 488 714 scilicet
511 653 603 714 nubet
625 654 688 724 tibi,

85 755 188 814 regum
211 736 315 798 relicto
339 755 419 815 rege,
442 756 585 817 generosa
608 735 709 799 eruti?

84 841 149 882 nnc.
209 821 246 882 Et
268 839 322 882 cur
345 822 445 884 Atrida
467 823 567 884 videor
588 823 713 883 inferior
735 823 797 897 tibi,

83 915 170 968 natus
192 904 358 986 Thyestae?
402 925 482 968 eurr.
527 907 686 987 siparum
710 919 763 979 est,
789 909 861 971 adde
884 919 914 973 et
935 930 1038 992 nepos.

82 1010 148 1052 asc.
202 997 335 1053 ductore
357 991 476 1053 Phoebo
501 993 621 1072 gignor:
646 993 724 1054 baud
746 995 864 1071 generis
886 999 988 1076 pudet.

82 1096 162 1137 carr.
205 1075 359 1138 Phoebum
382 1078 527 1140 nefandae
548 1079 649 1157 stirpis
671 1087 822 1141 auctorem
844 1099 941 1157 vocas,

81 1179 171 1240 quem
192 1169 279 1222 nocte
301 1161 397 1222 subita
419 1164 503 1224 frena
524 1173 711 1224 revocantem
735 1183 788 1225 sua

82 1246 163 1307 caelo
187 1245 364 1328 expulistis?
397 1247 468 1326 quid
492 1247 563 1309 deos
585 1249 697 1329 probro
719 1248 875 1311 addimus?

80 1331 235 1412 subripere
259 1333 363 1392 doctus
385 1332 487 1394 frande
510 1334 640 1412 geniales
662 1341 753 1407 toros,

81 1435 169 1496 quem
192 1416 305 1478 Venere
327 1421 441 1479 tantum
464 1422 575 1479 scimus
597 1419 708 1480 inlicita
730 1417 835 1494 virum,

79 1502 190 1563 facesse
212 1520 341 1581 propere
362 1520 396 1562 ac
419 1503 547 1563 dedecus
569 1513 686 1564 nostrae
713 1504 818 1564 domus

78 1595 196 1666 asporta
218 1586 254 1646 ab
276 1586 386 1647 oculis:
411 1588 483 1649 baec
506 1596 586 1648 vacat
607 1588 670 1666 regi
692 1606 727 1648 ac
749 1589 821 1649 viro,

78 1691 144 1732 unc.
202 1671 295 1732 Exilia
317 1671 389 1732 mibi
412 1682 483 1733 sunt
504 1672 583 1733 baud
606 1691 691 1748 nova,
715 1674 828 1734 assuevi
850 1673 944 1736 malis

77 1758 101 1818 si
125 1766 157 1817 tu
180 1756 316 1837 imperas
339 1756 453 1835 regina,
476 1775 536 1818 non
560 1765 673 1818 tantum
697 1758 784 1820 domo

78 1841 199 1920 Argisve
221 1841 310 1902 cedo:
335 1841 376 1901 nil
399 1860 501 1902 moror
522 1843 606 1905 iussu
629 1853 680 1903 tuo

76 1926 192 2004 aperire
214 1928 293 1987 ferro
316 1933 420 2004 pectus
442 1926 593 1988 aerumnis
614 1946 711 2006 grave.

76 2030 156 2072 curn.
201 2010 353 2090 Siquidem
375 2011 433 2072 boc
456 2021 578 2073 cruenta
600 2011 744 2092 Tyndaris
766 2012 829 2074 fieri
853 2014 957 2074 sinam.

76 2114 151 2174 quae
174 2096 274 2158 iuncto
296 2104 398 2175 peccat
421 2096 508 2158 debet
529 2107 558 2158 et
581 2097 684 2176 culpae
707 2096 806 2158 fidem.

74 2181 179 2242 secede
200 2199 316 2242 mecum
339 2182 449 2259 potius,
473 2192 505 2242 ut
527 2200 627 2244 rerum
650 2195 757 2244 statum

73 2265 197 2327 dubium
219 2266 420 2328 nominarem
443 2267 544 2329 iuncta
566 2268 688 2329 consilia
711 2266 869 2347 explicent,

363 2400 513 2463 cuonvs
576 2376 587 2416 ”

159 2499 270 2577 Canite,
293 2520 310 2561 o
333 2502 427 2583 pubes
450 2503 560 2580 inclito,
582 2504 752 2566 Phoebum?

201 2586 253 2646 tibi
276 2586 349 2648 festa
372 2597 460 2667 eaput

158 2672 243 2731 turba
267 2682 398 2748 coronat,
421 2673 473 2733 tibi
496 2674 653 2753 virgineas,

199 2756 316 2817 laurum
338 2757 483 2836 quatiens,

156 2841 192 2902 de
214 2859 297 2902 more
319 2860 419 2903 comas
441 2842 553 2904 innuba
576 2843 653 2906 rudit

200 2927 290 3005 stirps
312 2926 446 3000 Inachia3

128 3035 129 3039 ¹
157 3028 291 3089 quaeque
314 3011 430 3073 Erasini
453 3012 566 3089 gelidos
587 3013 695 3088 fontes

199 3113 334 3175 quaeque
355 3096 500 3172 Eurotan,

157 3199 292 3260 quaeque
313 3181 420 3244 virenti
442 3182 562 3244 tacitum
585 3181 649 3262 ripa
1100 3193 1146 3244 320

198 3264 275 3326 bibis
296 3265 451 3327 ismenem

156 3359 188 3411 tu
211 3369 332 3430 quoquc
355 3359 483 3426 nostros,
505 3350 632 3412 Thebais
654 3350 773 3429 hospes,
1101 3363 1146 3414 310

198 3435 337 3496 comitare
360 3437 477 3510 choros,
1100 3448 1146 3500 317

156 3571 290 3622 ass-m
308 3571 405 3618 norro
427 3583 488 3619 cum
505 3569 634 3634 aegroto
659 3569 832 3634 conoquium
848 3568 873 3619 n
898 3569 932 3632 ar.
952 3567 973 3634 1,
991 3569 1026 3622 83
1095 3573 1142 3624 aur
1186 3539 1194 3575 ¹

67 3651 193 3703 generoso
213 3637 236 3687 b'
305 3638 352 3688 297
373 3636 466 3702 probro
484 3636 595 3688 advocas
612 3637 639 3686 A
707 3638 756 3690 298
775 3637 823 3688 sub
841 3652 903 3704 rupe
925 3636 1045 3689 reductus
1063 3637 1080 3690 i.
1099 3655 1144 3706 ge·

68 3704 144 3756 nialis
162 3705 250 3756 torila‘
302 3708 352 3757 300
370 3703 461 3755 secede
480 3718 595 3771 propere,
612 3703 722 3756 dedecus
741 3705 823 3756 clarae
841 3704 969 3757 domusA
1013 3709 1059 3757 301
1074 3707 1142 3773 regia
1234 3705 1248 3726 ⁸

67 3773 123 3824 viro
141 3772 192 3837 Ες
261 3775 310 3826 306
329 3773 422 3824 sinam:
445 3786 486 3823 am
509 3772 641 3822 detersum
658 3788 718 3822 earm
736 3773 845 3823 scholiis
867 3773 892 3824 n
909 3775 1026 3824 extat!
1093 3779 1142 3828 307

67 3855 134 3907 quae
158 3840 236 3891 inrita
250 3840 311 3907 'EA
334 3843 442 3904 eorm&
528 3842 577 3892 310
595 3855 704 3890 carmon
729 3843 758 3890 iu
780 3840 806 3890 A
830 3841 950 3892 dimatrr's
975 3842 1096 3892 decurrit
1118 3849 1144 3895 at

66 3908 232 3958 morrombtrn
252 3908 390 3959 clauditur·
459 3910 509 3960 314
528 3906 610 3958 tundit
626 3909 651 3958 A
704 3911 752 3961 315
771 3907 858 3974 stirpis
875 3909 989 3961 inachiae
1008 3909 1033 3960 B
1085 3913 1143 3964 316.

67 3979 117 4029 31?-
133 3982 197 4043 post
215 3992 239 4027 υ.
256 3975 306 4029 321
326 3976 468 4028 collocavit
485 3976 598 4027 Botbius
667 3979 717 4029 316
736 3975 856 4029 Thebana
874 3992 964 4030 manus
983 3978 1008 4028 A
