2580 4366
499 250 644 294 nuncians
666 235 813 311 [onranvs]

117 396 327 477 quodcumque
350 398 461 460 timuit:
486 402 635 463 transtulit
657 401 731 464 luno
755 403 840 464 feras.

116 480 400 562 ambitperemptus
424 502 530 546 cancer
552 487 704 549 ardentem
727 487 840 568 plagam

117 565 284 645 Libyaeque
307 567 389 630 sidus
411 569 506 630 fertur
528 578 557 632 et
578 590 690 634 messes
712 572 777 647 alit;

115 669 227 711 annum
249 651 382 731 fugacem
406 654 493 716 tradit
515 657 652 718 Astraeae
675 656 732 731 leo,

115 744 144 796 at
166 735 225 811 ille,
248 737 358 799 iactans
381 739 519 799 fervidam
543 741 619 802 collo
643 741 751 817 iubam,

114 829 247 882 austrum
269 822 433 884 madentem
457 824 548 885 siccat
569 835 598 886 et
620 826 737 887 nimbos
759 826 845 906 rapit.

114 905 220 966 invasit
241 908 337 968 omnis
360 926 429 969 ecce
451 909 507 969 iam
530 912 642 972 caelum
665 911 725 972 fera

114 1008 221 1068 meque
243 993 414 1053 antecessit:
439 994 532 1055 victor
553 1014 569 1055 e
590 996 678 1056 terris
700 1013 782 1057 meos

114 1081 216 1154 specto
238 1075 364 1152 labores,
387 1087 463 1139 astra
486 1081 631 1157 portentis
653 1081 737 1160 prius

113 1159 244 1238 ferisque
266 1161 340 1222 luno
363 1161 476 1237 tribuit,
499 1174 531 1224 ut
554 1165 667 1226 caelum
689 1165 760 1226 mihi

113 1245 223 1305 faceret
244 1246 406 1308 timendum
493 1251 634 1329 sparserit
655 1250 800 1313 mundum
823 1249 893 1312 licet

114 1328 286 1408 caelumque
310 1331 395 1392 terris
418 1332 502 1411 peius
525 1352 558 1395 ac
579 1335 665 1414 peius
688 1335 777 1416 Styge

113 1413 185 1474 irata
208 1414 303 1490 faeiat,
326 1415 443 1478 dabitur
466 1417 582 1480 Alcidae
605 1419 698 1482 locus.

113 1499 138 1558 si
161 1507 230 1577 post
250 1500 337 1573 feras,
360 1511 427 1580 post
450 1501 536 1576 bella,
559 1511 627 1583 post
649 1504 782 1584 Stygium
806 1521 909 1565 canem

113 1582 190 1643 haud
214 1583 283 1645 dum
306 1593 382 1645 astra
405 1587 510 1661 merui,
534 1588 652 1649 Siculus
677 1588 850 1668 Hesperium
874 1588 950 1648 latus

113 1675 212 1746 tangat
234 1667 370 1744 Pelorus,
394 1689 452 1730 una
476 1671 532 1731 iam
555 1673 642 1734 tellus
665 1673 736 1748 erit3

113 1751 195 1813 illinc
217 1753 325 1832 fugabo
349 1756 454 1816 maria:
479 1756 503 1816 si
527 1756 609 1834 iungi
633 1757 726 1829 iubes,

113 1837 275 1899 committat
297 1839 391 1899 undas
413 1840 550 1914 lsthmos,
573 1851 602 1902 et
623 1841 725 1903 iuncto
748 1842 809 1903 salo

112 1939 187 1981 nova
210 1923 344 1983 ferantur
366 1924 477 1986 Atticae
499 1943 617 2005 puppes
639 1927 694 1987 via.

111 2015 243 2068 mutetur
265 2007 356 2082 orbis,
379 2008 505 2070 vallibus
529 2019 628 2082 currat
651 2010 735 2072 novis

112 2089 211 2151 Hister
234 2110 382 2171 novasque
404 2093 511 2154 Tanais
533 2094 658 2175 accipiat
679 2095 749 2156 vias.

111 2176 156 2250 da,
180 2177 215 2237 da
238 2177 374 2252 tuendos,
397 2177 541 2258 luppiter,
564 2181 667 2241 saltem
691 2180 776 2241 deos:

110 2259 159 2320 illa
180 2261 280 2322 licebit
302 2263 414 2324 fulmen
438 2283 452 2324 a
475 2271 559 2343 parte
581 2265 707 2339 auferas,

111 2362 166 2423 ego
190 2364 276 2425 quam
302 2347 415 2409 tuebor.
461 2349 521 2410 sive
544 2349 693 2428 glacialem
716 2350 828 2430 polum,

110 2448 162 2490 seu
186 2449 233 2491 me
255 2431 331 2493 tueri
355 2432 492 2494 fervidam
515 2441 628 2514 partem
651 2435 745 2510 iubes,

109 2516 164 2575 hae
187 2533 251 2577 esse
273 2535 399 2596 superos
421 2528 504 2597 parte
526 2537 648 2581 securos
670 2528 750 2600 puta.

112 2599 248 2661 Cirrhaea
271 2601 366 2662 Paean
389 2602 498 2683 templa
521 2613 549 2665 et
572 2604 731 2666 aetheriam
755 2604 874 2665 domum

108 2695 248 2764 serpente
271 2703 356 2747 caeso
379 2688 488 2748 meruit
510 2722 551 2732 -
574 2708 591 2750 o
616 2689 755 2768 quotiens
777 2688 853 2750 iacet

108 2768 225 2848 Python
249 2770 279 2830 in
303 2769 409 2850 hydra!
440 2771 573 2834 bacchus
596 2781 626 2833 et
647 2773 773 2834 Perseus
796 2773 859 2833 deis

109 2854 166 2914 iam
190 2873 220 2915 se
244 2855 371 2916 intulere
393 2887 435 2899 —-
457 2856 507 2918 sed
532 2865 621 2936 quota
643 2866 688 2919 est
709 2857 813 2919 mundi
835 2856 919 2937 plaga

108 2938 211 3000 oriens
233 2940 373 3001 subactus
396 2951 446 3002 aut
468 2950 558 3019 quota
581 2950 626 3003 est
648 2941 770 3022 Gorgon
794 2938 879 3002 feral
951 2968 954 2973 >

109 3023 176 3103 quis
198 3032 274 3085 astra
299 3032 385 3086 natus
407 3025 544 3087 laudibus
567 3027 677 3089 meruit
699 3026 761 3088 suis

110 3127 144 3169 ex
167 3117 195 3169 te
218 3117 247 3170 et
269 3107 417 3171 noverca?
447 3129 536 3191 quem
557 3112 613 3173 tuli
634 3111 778 3172 mundum
802 3120 881 3190 peto.

195 3193 252 3254 Sed
275 3202 318 3269 tu,
341 3213 441 3256 comes
462 3195 572 3258 laboris
595 3195 744 3271 llerculei,
767 3195 867 3270 Licha,

109 3277 208 3357 perfer
230 3279 408 3358 triumphos,
431 3280 534 3361 Euryti
556 3281 648 3343 victos
669 3281 746 3343 lares

108 3371 293 3443 stratumque
316 3383 452 3444 regnum.
496 3384 548 3427 ros
570 3385 663 3446 peons
685 3365 780 3444 rapite
802 3365 885 3425 ocius

108 3465 166 3526 qua
189 3449 297 3527 templa
320 3449 426 3510 tollens
448 3458 511 3511 acta
535 3448 641 3513 Cenaei
662 3451 739 3512 lovis

109 3540 211 3594 austro
233 3534 396 3594 timendum
419 3544 533 3614 spectat
553 3534 720 3598 Euboicum
742 3552 832 3595 mare.

194 3669 227 3718 68
246 3665 389 3718 mensesff
458 3669 490 3721 69
508 3667 612 3734 fugatae
631 3668 655 3717 A
724 3670 756 3720 to
776 3666 846 3719 caelo
864 3665 950 3717 iubam
969 3664 1045 3743 codd.
1064 3668 1186 3716 correxit

108 3733 242 3785 Acontius
310 3737 341 3786 ‘ll
362 3731 460 3786 nimbos
479 3734 556 3787 trahit
573 3736 598 3785 A
667 3738 700 3787 76
718 3734 833 3797 faciat&
910 3735 941 3785 'tt
960 3732 1043 3785 levius
1060 3730 1185 3800 Styge&

109 3803 142 3854 80
161 3800 319 3854 hauddum:
339 3816 353 3852 a
372 3818 406 3853 aa:
424 3818 441 3854 u
461 3805 522 3854 lm.
541 3803 565 3852 ll
582 3801 695 3855 nondum
713 3804 738 3854 A
807 3806 840 3855 93
860 3806 886 3854 at
903 3800 1065 3868 quotiensA
1135 3803 1183 3853 1⁰0

108 3869 219 3933 labores,
236 3869 284 3920 sed
300 3870 333 3921 ho
351 3870 462 3922 inducit
480 3872 539 3923 tm.
558 3877 589 3921 ot
606 3870 659 3923 uid.
678 3870 703 3921 Ε
758 3873 804 3924 102
823 3871 923 3938 pollens
942 3869 973 3924 E.
992 3898 1026 3907 —
1043 3883 1086 3921 ara
1104 3867 1182 3921 codd.

108 3940 231 3988 correoeit
254 3935 413 4003 flutgerse'os
431 3938 464 3992 V.
489 3938 519 3990 L.
541 3955 568 4006 p.
587 3937 622 3990 92
646 3937 737 4006 (Sept.
763 3937 859 3991 Praetu.
877 3938 929 3992 237
951 3939 1048 3990 Aesed.
1070 3937 1128 4000 seg.
1142 3935 1192 3994 tet

112 4007 160 4057 103
181 4006 291 4056 astroA
