2580 4366
611 221 768 263 mannent.
1168 205 1227 268 195

111 440 114 447 Ι
170 387 225 448 quo
246 371 271 432 id
298 378 378 433 certe
404 371 540 432 effectum
563 378 663 432 estut
690 389 749 431 nou
773 371 861 432 silvae
883 370 933 432 sed
956 371 1093 434 silvarum
1115 373 1228 436 iormu'e

168 472 273 517 nemore
294 456 374 517 nudo
395 455 527 518 investiri
542 456 690 517 dicantur:
715 455 765 534 qui
782 466 826 518 est
841 456 938 517 inanis
952 457 1109 519 verborum
1124 459 1227 534 lusus;

167 541 264 602 aceedit
284 551 380 603 autem
404 539 484 620 quod
507 559 568 601 non
592 540 628 602 de
649 541 802 602 altitudine
827 540 965 602 arborum
996 543 1048 603 sed
1070 543 1106 604 de
1128 562 1227 604 amoe-

167 622 246 686 nitate
265 634 293 686 et
314 626 422 688 decore
445 626 551 705 agitur,
575 643 630 686 nec
652 625 754 686 breves
777 626 826 686 sed
850 626 905 686 soli
928 627 1027 688 trunci
1042 627 1125 690 laetis
1140 628 1227 690 arbo-

167 705 240 770 ribus
258 719 461 790 opponuntur.
506 710 642 790 sequitur
663 729 780 771 versum
803 710 902 786 istum,
926 730 1143 792 quamcumque
1165 713 1227 773 lor·

97 790 102 871 ξ
166 806 233 853 man
251 795 435 875 praecedenti
458 795 601 869 indueris,
624 794 742 856 tolerari
769 814 829 856 uon
854 814 950 874 posse.
993 806 1082 877 atque
1104 797 1226 860 minime

94 874 100 955 j
165 875 230 937 mibi
252 880 366 959 quidem
390 879 512 941 dubium
535 889 596 955 est,
627 880 698 958 quin
723 880 876 959 scripserit
898 889 984 959 poeta
1007 883 1085 960 quod
1108 882 1224 944 debuit:

352 975 385 1025 ut
408 965 481 1026 breta
502 965 590 1025 siloas
609 965 709 1043 formu
731 975 880 1026 vernantes
900 964 991 1039 lubet,

351 1068 417 1110 cum
438 1067 556 1110 nemore
577 1050 656 1110 uude
675 1054 788 1129 primus
809 1054 925 1112 investit
946 1062 1036 1131 tepor.

239 1151 262 1192 v.
277 1135 337 1197 383
361 1152 422 1194 non
445 1135 564 1195 decussit
586 1134 637 1194 sed
659 1135 787 1195 discussit
806 1133 831 1192 ll
851 1135 980 1213 praebet.
1018 1155 1052 1196 ac
1074 1137 1134 1196 scio
1158 1138 1225 1216 qui·

162 1203 224 1272 dem
243 1226 269 1278 et
288 1217 449 1297 Vergilium
472 1217 578 1279 dixisse
601 1236 701 1296 georg.
726 1219 762 1294 ll,
785 1222 848 1282 404

349 1304 477 1383 fruitus
499 1314 526 1365 et
547 1303 627 1364 siluis
649 1304 750 1385 Aqott'lo
774 1305 893 1366 decussit
913 1304 1048 1367 ltouorent

160 1381 189 1433 et
211 1379 352 1449 Horatium
376 1388 461 1466 epod.
488 1390 536 1463 11,
561 1391 579 1448 5

349 1472 394 1532 bic
416 1476 516 1534 tertiive
538 1471 689 1534 December
711 1491 748 1533 eac
769 1491 823 1552 pice
847 1475 943 1536 destiti

349 1555 466 1619 luucltiu
487 1558 587 1636 furere
607 1556 687 1618 silvis
707 1557 843 1619 bonorem
865 1560 969 1621 decutit

87 1640 92 1647 '
157 1636 189 1687 θῑ
212 1638 273 1700 alios
294 1640 416 1715 similia;
443 1643 494 1702 sed
518 1640 630 1702 Seneca
652 1640 728 1702 Med.
752 1646 813 1705 715

348 1737 399 1787 aut
420 1726 515 1805 ripidu
536 1745 599 1787 cum
622 1730 681 1786 ium
703 1726 806 1788 bruma
827 1728 957 1788 discussit
979 1729 1061 1789 decus

152 1792 211 1862 ubi
229 1809 286 1872 siue
308 1809 483 1872 necessitate
504 1809 670 1871 Gronovius
693 1813 821 1885 decussit.
832 1813 855 1885 ²)

236 1913 258 1954 v.
271 1897 331 1959 384
354 1895 494 1956 Aventius
517 1894 725 1972 corrigendum
747 1894 887 1969 ducebat;
915 1895 1034 1974 scripsit
1056 1896 1135 1956 euim

348 1980 474 2058 deforme
495 1980 576 2058 soliis
597 1984 700 2060 aspicis
722 1985 831 2042 truncis
852 1999 960 2042 uentus.

143 2054 210 2118 Sed
226 2060 268 2123 bic
289 2062 412 2142 epitheti
433 2064 510 2126 solus
532 2083 604 2125 usus
626 2083 682 2125 nec
704 2065 834 2126 Senecae
856 2065 904 2139 (cl.
929 2065 1035 2125 Pbaed.
1060 2068 1133 2129 407.
1164 2067 1219 2144 Ag.

142 2128 255 2223 43blil
276 2167 331 2210 nec
353 2149 477 2227 reliquis
498 2148 699 2210 Romanorum
723 2150 819 2228 poetis
842 2150 962 2228 ignotus
985 2158 1037 2210 est.

139 2291 149 2302 ,
235 2251 257 2292 v.
278 2234 341 2296 387
370 2253 421 2295 uec
447 2233 498 2295 illu
524 2233 615 2295 Veuus
642 2245 682 2296 est
709 2253 744 2295 ex
767 2235 893 2296 Etrusco
924 2235 1034 2314 prodiit
1055 2242 1084 2294 et
1106 2234 1222 2313 expulit

137 2309 349 2395 ¹nterpolsum
364 2319 539 2397 scripturam
554 2319 692 2398 malisque
706 2323 802 2381 minus
818 2331 873 2392 est;
893 2319 1134 2399 interpolatorem
1150 2338 1219 2381 vero

137 2397 335 2464 concedimus
351 2402 462 2482 optimo
478 2403 542 2464 iure
558 2405 593 2463 de
609 2403 712 2464 tradita
728 2423 830 2465 versus
845 2404 938 2465 lorma
961 2403 1120 2465 dubitasse.
1150 2413 1217 2464 nam

137 2483 228 2546 quod
241 2487 405 2548 Gronovius
427 2488 508 2549 illrum
524 2487 666 2549 Venerem
688 2489 809 2550 alterius
831 2489 973 2568 temporis
993 2489 1062 2549 dicit
1073 2489 1218 2550 Venerem

138 2567 223 2643 esse,
244 2571 271 2632 id
293 2579 374 2633 recte
396 2573 514 2650 quidem
529 2573 688 2651 cogitatum
709 2582 769 2647 est;
792 2575 843 2634 sed
859 2581 892 2634 ut
907 2583 987 2634 recte
1003 2574 1141 2635 efferatur
1155 2592 1217 2634 nou

138 2647 253 2716 Suilicit
278 2656 399 2718 verbum
429 2657 642 2718 substantivum
672 2676 727 2736 pro
754 2677 789 2718 eo
812 2658 891 2737 quod
914 2667 958 2719 est
978 2676 1028 2719 uec
1048 2670 1144 2721 mouet
1166 2658 1218 2719 illu

143 2717 248 2812 Vetus.
285 2741 444 2802 buculcus
466 2740 661 2819 lliesslingius
683 2743 796 2803 sanavit
818 2743 1023 2804 emendatione
1045 2762 1133 2822 quam
1156 2761 1217 2803 non

141 2819 180 2868 ¹¹¹
205 2826 291 2886 rectis
320 2834 433 2887 tantum
462 2827 512 2887 sed
541 2827 572 2887 in
596 2827 821 2905 elegantissimis
843 2846 985 2890 recenseo
1008 2846 1083 2906 quae
1105 2829 1135 2888 iu
1158 2828 1218 2888 boc

131 2902 230 2968 ‘Poeta
251 2911 342 2971 iactae
364 2920 444 2971 sunt.
489 2910 590 2971 scribit
613 2912 708 2971 enim:
773 2980 776 2985 ,

346 2998 387 3056 sic
407 3006 506 3056 nostru
527 2995 644 3075 loupum
664 2996 762 3074 forme
780 3016 951 3077 percurrens
972 3000 1027 3057 iter

346 3081 472 3160 deperdit
493 3081 601 3160 alt'quid
622 3100 732 3160 suuper
753 3094 779 3143 et
799 3082 892 3161 sulcet
913 3086 1019 3142 miuus.

344 3164 430 3226 bueo
457 3165 526 3226 illu
552 3164 667 3226 Veuus
696 3179 764 3226 est:
792 3168 927 3247 quidquid
948 3170 980 3226 in
1001 3165 1082 3226 uubis
1103 3164 1162 3241 suit

345 3249 414 3310 olim
433 3253 554 3328 petitum
575 3251 681 3312 cecidit.

139 3318 346 3359 L-

230 3397 249 3457 ἵ)
267 3398 298 3449 ci.
310 3399 348 3449 lli.
362 3400 412 3451 279
431 3400 563 3464 dispulsas
580 3415 678 3450 manu:
703 3398 827 3464 depulsas
844 3399 869 3449 Α
887 3413 970 3450 errore
988 3396 1103 3449 solemni.

229 3465 250 3530 ³)
268 3467 359 3533 quibus
377 3470 445 3517 certa
463 3466 639 3519 emendatione
657 3465 749 3518 addere
766 3482 871 3534 possum
889 3465 947 3518 Tro.
968 3468 1031 3518 1075

344 3536 411 3585 buce
429 3539 493 3584 ueta
511 3535 646 3599 quondum
664 3538 748 3585 turris
766 3541 793 3585 et
808 3539 882 3584 muri
899 3534 987 3597 demes,

344 3618 417 3653 nuuc
433 3618 512 3653 sueva
531 3608 620 3653 cautes
637 3602 757 3669 undique
774 3601 872 3663 adfusa
891 3603 988 3652 ducum

343 3671 477 3736 plebisque
495 3673 573 3721 turbu
592 3673 720 3736 cingitur.
1013 3672 1016 3676 ’

112 3716 218 3820 gunt]
245 3737 331 3805 inepte
359 3737 420 3789 turri
450 3737 493 3803 qui
520 3738 552 3789 de
584 3753 656 3790 muro
687 3739 785 3789 iacente
807 3742 924 3805 superest
950 3736 1080 3803 epitheton
1107 3734 1216 3787 addatur

108 3787 247 3885 ‘messi
263 3806 367 3872 rupibus
385 3809 474 3871 aptum
491 3805 602 3858 monitus
621 3805 726 3857 videbis.
753 3803 1211 3868 sotaeaetesutVot.n1.IV,202:

105 3855 231 3958 αἶ’ῑᾱν
245 3875 356 3938 scopuli,
375 3876 423 3938 qui
439 3875 571 3924 mentibus
589 3875 652 3925 altis
663 3889 780 3924 summus
792 3875 848 3924 ubit
858 3874 988 3939 longeque
1001 3875 1066 3938 iugo
1075 3877 1129 3922 stat
1139 3870 1214 3921 solus

151 3935 265 3992 ⁰⁷11ui.
288 3942 324 3994 sic
335 3939 377 3993 ΗΟ
390 3943 454 3994 1985
465 3957 543 3992 sueva
553 3946 622 3993 recte
631 3942 656 3993 in
667 3942 692 3991 A
701 3941 801 4008 legitur,
811 3942 868 3992 sola
879 3941 1000 4007 scriptum
1010 3944 1048 3991 est
1058 3940 1083 3990 in
1095 3939 1126 3991 d.

959 4023 1011 4079 lb*
