2580 4366
158 200 219 262 194
540 220 568 261 n.
590 219 696 263 aunam
716 219 843 264 sauneio

156 369 234 446 agite
256 368 371 430 exulem
394 387 583 449 quocumque
605 371 724 433 funesto
747 373 856 450 gradu3

156 455 252 515 solum
275 453 436 533 relinquat:
459 472 527 516 vere
548 455 679 516 florifero
700 456 800 517 virens

154 537 303 618 reparabit
323 538 439 610 herbas,
462 538 584 619 spiritus
606 558 699 620 puros
720 541 800 603 dabit
858 584 861 593 .

155 623 250 685 vitalis
272 642 353 698 aura,
374 622 472 685 veniet
493 632 523 686 et
543 624 624 686 silvis
645 626 750 700 deoor;

156 708 261 769 Letum
284 707 432 788 Luesque,
454 708 535 770 llfors
557 708 654 771 Labor
674 710 770 772 Tabes
792 711 892 788 Dolor,

155 792 311 855 comitatus
332 792 382 854 illo
406 792 523 872 dignus,
546 794 814 871 excedentsimu13

156 886 185 940 et
206 878 271 957 ipse
291 878 403 958 rapidis
425 879 576 956 gressibus
597 879 683 940 sedes
704 880 783 942 volet

156 963 286 1042 effugere
308 972 433 1039 nostras,
457 964 508 1024 sed
532 982 633 1042 graves
654 965 781 1044 pedibus
802 984 901 1028 moras

155 1048 257 1108 addam
280 1058 309 1109 et
330 1048 454 1109 tenebo:
478 1061 563 1128 repet
583 1048 715 1110 incertus
736 1051 809 1126 viae,

155 1133 260 1194 baculo
283 1132 370 1195 senili
391 1132 475 1195 triste
497 1142 715 1214 praetemptans
737 1134 812 1196 iter:
916 1190 917 1193 ,

156 1217 262 1297 eripite
284 1225 394 1293 terras,
416 1218 547 1279 auferam
569 1219 683 1280 eaelum
704 1221 807 1298 pater!
897 1277 899 1280 Α

155 1321 221 1364 oen.
265 1303 305 1364 Et
326 1321 392 1363 ossa
414 1313 444 1363 et
465 1311 547 1364 artus
568 1303 684 1381 gelidos
705 1303 812 1366 invasit
832 1315 958 1368 trenmr:

155 1387 299 1468 quidquid
320 1386 458 1448 timebam
480 1388 578 1448 faeere
600 1388 705 1449 feoisse
727 1407 837 1468 arguor
857 1423 900 1436 —

154 1473 213 1534 tori
235 1471 341 1551 iugalis
363 1471 468 1534 abnuit
488 1471 611 1552 Merope
633 1474 725 1549 nefas,

154 1557 263 1619 sociata
284 1556 412 1637 Polyb03
435 1575 538 1636 sospes
560 1556 684 1619 absolvit
704 1577 811 1621 manus

153 1641 283 1722 Polybus
304 1659 399 1704 meas:
422 1649 549 1722 uterque
570 1642 703 1705 defendit
722 1662 831 1724 parens

154 1728 274 1789 eaedem
296 1735 504 1808 stuprumque.
549 1727 616 1807 quis
637 1727 723 1790 loeus
745 1729 851 1809 eulpae
872 1727 1052 1809 estsuper?

153 1811 247 1873 multo
269 1819 337 1873 ante
359 1811 477 1873 Thebae
498 1811 602 1873 Laium
623 1812 765 1875 amissum
788 1824 920 1893 gemunt,

154 1897 263 1958 boeota
285 1915 390 1976 gressu
413 1915 502 1977 quam
522 1914 589 1959 meo
611 1899 694 1977 tetigi
715 1897 788 1960 loea.

153 1981 285 2044 falsusne
306 1982 408 2044 senior
429 2000 467 2043 an
491 1981 566 2043 deus
586 1982 696 2044 Thebis
718 1981 835 2061 gravis?
856 2019 899 2029 —

153 2067 211 2128 iam
233 2067 289 2128 iam
312 2076 448 2128 tenemus
471 2065 568 2127 callidi
590 2067 688 2129 soeios
710 2068 785 2129 doli:

153 2152 297 2217 mentitur
318 2150 372 2213 ista
394 2151 566 2231 praeferens
587 2152 683 2214 fraudi
706 2152 777 2215 deos

153 2244 242 2310 vates,
264 2235 379 2314 tibique
399 2244 515 2316 sceptra
537 2236 702 2316 despondet
721 2255 798 2299 mea.

103 2315 120 2344 '²
153 2339 199 2382 ea.
263 2320 367 2400 Egone
388 2331 422 2382 ut
443 2339 583 2382 somrem.
597 2321 677 2398 regia
700 2322 806 2403 expelli
827 2319 936 2383 velim?

152 2405 178 2467 si
200 2424 248 2467 me
269 2405 342 2467 fides
363 2413 475 2466 saerata
496 2407 614 2484 eognati
635 2406 706 2466 laris

152 2509 215 2552 non
238 2489 405 2552 contineret
426 2490 458 2551 in
479 2508 547 2551 meo
568 2499 682 2552 eertum
703 2498 796 2552 statu:

151 2584 251 2636 umen
273 2575 337 2655 ipsa
357 2593 406 2636 me
428 2577 548 2636 fortuna
568 2582 693 2638 terreret
713 2575 801 2637 nimis

152 2659 278 2721 sollicita
299 2678 426 2738 semper.
470 2658 557 2721 liceat
577 2659 635 2721 hoo
656 2669 721 2723 tuto
743 2660 797 2721 tibi

152 2763 260 2807 exuere
281 2744 400 2825 pondus
424 2763 481 2806 nee
501 2745 689 2806 recedentem
711 2745 875 2826 opprimatz

151 2829 209 2892 iam
231 2838 261 2891 te
281 2830 399 2891 minore
420 2830 514 2893 tutior
535 2848 631 2910 pones
652 2829 730 2891 loeo.

152 2933 218 2977 oen.
263 2913 397 2976 Homeris
419 2915 516 2990 etiam,
539 2924 647 2995 sponte
669 2915 814 2994 deponam
836 2922 871 2975 ut
891 2933 955 2976 mea

150 3009 210 3062 tam
232 3000 329 3078 gravia
351 2997 465 3078 regna?
509 3018 555 3059 ca.
598 2999 742 3062 Suadeam
764 3000 823 3062 hoo
843 2999 902 3061 illis
923 3017 990 3080 ego,

150 3084 183 3146 in
205 3095 366 3164 utrumque
388 3084 456 3162 quis
478 3091 524 3146 est
544 3083 620 3144 liber
641 3083 801 3146 etiamnum
823 3091 932 3147 statnsa

150 3169 205 3232 tibi
226 3169 284 3230 iam
305 3187 429 3230 neeesse
450 3177 495 3230 est
515 3168 594 3230 ferre
615 3169 764 3230 fortunam
786 3180 877 3232 tuam.

152 3273 217 3316 onn.
263 3253 431 3316 Certissima
453 3261 498 3315 est
518 3271 644 3332 regnare
666 3254 799 3334 oupienti
822 3254 866 3315 ria

150 3340 270 3402 laudare
291 3338 405 3400 modica
428 3346 457 3399 et
478 3337 571 3399 otium
593 3356 628 3399 ao
648 3357 786 3401 somnum
807 3338 908 3418 loqui;

236 3542 286 3592 ote
304 3535 463 3607 quacumque
480 3542 499 3604 ς
517 3538 552 3601 ef.
570 3538 666 3603 1,223
733 3541 784 3592 649
801 3539 928 3606 relinquet
944 3537 995 3591 uA
1012 3548 1115 3606 eumq
1175 3545 1226 3596 656

149 3611 249 3688 repetet
265 3607 315 3660 ΕΑ
331 3611 415 3677 reptet
432 3610 452 3671 ς
468 3621 539 3661 eon.
556 3610 577 3671 ς
593 3608 637 3671 (D.
654 3607 789 3674 Heinsius)
863 3609 913 3660 668
931 3606 1068 3675 praeripite
1085 3609 1110 3660 A
1175 3612 1226 3664 662

149 3678 248 3728 sociato
263 3675 296 3727 n.
314 3705 349 3713 -
364 3675 483 3728 absolvet
498 3674 524 3725 n*
597 3678 647 3728 676
666 3690 698 3726 ne
714 3690 765 3729 reo.
781 3675 806 3726 A
875 3677 926 3728 ote
943 3689 999 3728 nas.
1017 3681 1070 3729 um
1088 3692 1129 3743 gr.
1145 3692 1226 3745 efflue

149 3757 239 3795 ereeua
255 3742 330 3795 deam
347 3743 372 3794 Ε
442 3745 493 3797 680
511 3742 556 3809 qui
578 3758 607 3795 se
630 3743 718 3796 subter
740 3743 879 3796 etiamnum
896 3743 922 3794 fl
938 3759 962 3810 q.
980 3758 1003 3824 e.
1020 3744 1038 3796 t
1061 3745 1141 3797 etiem
1158 3760 1227 3830 nane

43 3852 46 3858 ·
149 3811 358 3998 fugalf‘f‘
382 3811 478 3932 “ffel
492 3813 690 3941 trituram·
709 3811 794 3933 ³023
810 3812 1227 3936 tlttttrlutttt

148 3962 194 4015 qm
