2580 4366
134 197 193 258 152
516 214 544 256 ι.
566 213 672 256 annam
694 214 822 257 sunacau

129 365 230 426 forsan
254 363 343 442 iugali
366 365 479 426 crimen
502 364 681 426 abscondam
704 365 783 426 lace:

130 450 255 510 honesta
278 449 420 527 quaedam
443 449 555 511 scelera
578 468 735 511 successus
758 449 827 510 lacit
848 483 889 493 —

132 554 170 596 en
193 535 303 614 incipe,
326 535 440 596 animet
462 568 504 579 —
549 535 723 596 commodes
746 533 876 614 paulum,
898 552 1015 613 precor,

130 628 263 681 secretus
285 637 382 680 aures.
426 621 451 680 si
474 619 541 700 quis
564 629 609 681 est
630 619 714 681 abeat
736 638 845 680 comes.
1163 630 1210 681 000

131 722 207 764 nter.
251 704 297 764 En
319 704 404 765 locus
426 704 461 765 ab
485 705 567 764 omni
590 704 666 765 liber
688 704 809 766 arbitrio
832 714 923 767 vacat.

130 807 177 849 aa.
249 789 306 849 Sed
330 807 381 849 ora
403 789 516 868 coeptis
537 790 697 850 transitum
719 789 816 851 verbis
838 800 964 869 negant3

130 874 174 934 vis
196 891 302 951 magna
323 892 424 934 vocem
447 874 536 935 mittit
559 884 589 936 et
610 874 705 935 maior
726 883 816 936 tenet.

76 990 78 992 v
129 976 182 1018 vos
203 966 296 1020 testor
319 977 432 1034 omnes,
454 958 583 1034 caelites,
606 959 664 1020 hoc
687 959 766 1038 quod
789 959 854 1020 volo
878 994 920 1004 —

89 1092 96 1112 „
129 1062 204 1103 mor.
249 1044 413 1104 Auimusne
435 1045 559 1123 cupiens
581 1044 692 1123 aliquid
716 1044 797 1104 effari
820 1043 945 1123 nequit?

129 1147 176 1188 aa.
251 1129 344 1190 Curae
365 1129 443 1189 leves
464 1128 615 1204 locuntur,
638 1129 775 1206 ingentes
798 1138 928 1208 stupent.

130 1232 205 1274 urar.
250 1214 404 1276 Committe
426 1232 513 1275 curas
535 1213 667 1289 auribus,
689 1224 793 1290 mater,
815 1216 898 1275 meis.

129 1317 177 1359 aa.
248 1298 348 1359 Matris
370 1299 532 1377 superbum
556 1309 600 1360 est
622 1318 732 1360 nomen
755 1308 784 1360 et
806 1300 929 1360 nimium
956 1308 1077 1378 potens:

130 1392 250 1444 nostros
271 1382 413 1444 humilius
435 1403 544 1445 nomen
562 1383 684 1446 affectus
707 1384 807 1458 decet;

130 1487 178 1529 me
198 1469 244 1529 vel
266 1487 409 1544 sororem,
431 1467 601 1548 Hippolyte,
624 1469 669 1529 vel
691 1469 829 1529 famulam
853 1489 934 1545 voca,

131 1553 328 1632 famulamque
350 1554 466 1632 potius:
491 1571 579 1614 omne
601 1554 752 1614 servitium
774 1555 876 1615 leram.

131 1656 192 1699 non
215 1657 262 1698 me
284 1657 339 1718 per
361 1640 432 1699 altas
455 1639 499 1698 ire
521 1640 546 1698 si
569 1639 670 1699 iubeas
693 1639 786 1712 nives,

130 1724 229 1802 pigeat
250 1723 353 1800 gelatis
375 1723 491 1802 ingredi
513 1722 601 1784 Pindi
624 1724 719 1800 iugis;

131 1827 203 1881 non,
226 1808 252 1868 si
273 1827 329 1887 per
351 1809 435 1887 ignes
458 1808 502 1868 ire
524 1816 553 1869 et
574 1809 681 1869 infesta
703 1809 831 1887 agmina,

131 1902 254 1955 cuncter
276 1895 384 1973 paratis
407 1893 529 1954 ensibus
552 1901 656 1972 pectus
679 1893 757 1954 dare.

130 1978 266 2039 mandata
288 1979 388 2057 recipe
411 1988 538 2057 sceptra,
561 1997 609 2038 me
631 1978 770 2039 famulam
792 1979 908 2058 accipe:

130 2062 274 2124 muliebre
298 2082 358 2123 non
382 2073 426 2124 est
447 2082 540 2142 regna
561 2065 650 2124 tutari
675 2062 810 2138 urbium;

130 2156 163 2208 tu
186 2148 237 2226 qui
259 2148 393 2208 iuventae
415 2149 489 2208 flore
511 2148 659 2227 primaevo
681 2149 786 2227 viges'

131 2233 208 2293 cives
231 2241 355 2311 paterno
379 2233 464 2293 sortis
487 2232 612 2312 imperio
634 2252 715 2311 rege,

78 2317 80 2322 ’
130 2317 199 2377 sinu
222 2326 370 2396 receptam
392 2317 559 2397 supplicem
581 2337 616 2378 ac
637 2336 750 2378 servam
772 2325 852 2394 tege.¹

130 2402 271 2463 miserere
293 2402 396 2464 viduae
418 2437 460 2446 -
504 2421 578 2463 nior.
624 2402 764 2464 Summus
786 2402 844 2485 boc
866 2421 954 2463 omen
977 2402 1050 2463 deus

130 2495 249 2548 avertat.
283 2487 378 2548 aderit
399 2493 503 2566 sospes
526 2496 657 2548 actutum
679 2505 798 2567 parens.

129 2591 175 2636 ra.
250 2572 345 2650 Regni
367 2572 479 2633 tenacis
503 2571 641 2641 dominus
664 2582 693 2635 et
713 2573 818 2633 tacitae
841 2571 939 2650 Stygis

130 2657 242 2719 nullam
263 2657 383 2718 relictos
404 2657 475 2718 fecit
498 2657 534 2717 ad
556 2675 682 2736 superos
703 2657 795 2717 viam:

129 2742 248 2804 thalami
270 2741 400 2803 remittet
422 2741 471 2802 ille
493 2750 642 2822 raptorem
665 2739 734 2803 sui?

131 2827 189 2888 nisi
211 2828 288 2889 forte
310 2826 404 2887 amori
427 2826 562 2906 placidus
585 2834 614 2887 et
634 2825 743 2887 Pluton
766 2825 857 2887 sedet.

129 2931 204 2972 mre.
249 2912 336 2973 lllum
359 2912 478 2991 quidem
501 2911 588 2990 aequi
610 2911 728 2973 caelites
750 2911 889 2972 reducem
912 2909 1034 2972 dabunt.

130 2999 182 3058 sed
206 2997 275 3057 dum
299 2997 411 3058 tenebit
433 3007 497 3058 vota
520 2997 551 3056 in
574 2997 687 3058 incerto
711 2997 795 3073 deus,

130 3083 238 3162 pietate
261 3100 345 3143 caros
368 3081 465 3143 debita
487 3081 593 3142 fratres
616 3081 710 3142 oolam

131 3177 211 3230 otte
233 3167 370 3229 merebor
393 3186 458 3227 esse
481 3186 519 3227 ne
540 3166 656 3227 viduam
680 3173 766 3244 putes

131 3271 165 3314 ac
187 3253 240 3313 tibi
263 3252 396 3332 parentis
419 3253 483 3330 ipse
506 3251 652 3331 supplebo
675 3252 783 3312 locum.

130 3357 177 3399 ra.
251 3338 275 3399 0
299 3355 367 3416 spes
389 3346 538 3397 amantum
562 3337 690 3411 credula,
715 3355 731 3395 o
754 3336 840 3398 lallax
862 3334 967 3395 Amor!

130 3553 172 3591 me
188 3538 258 3590 nolle
1164 3544 1208 3585 aaa

130 3613 157 3659 te
175 3606 281 3674 imperia
298 3619 394 3672 regere,
412 3620 453 3657 me
471 3603 546 3657 decet
562 3604 632 3656 iussa
651 3605 757 3672 exsequi
1166 3613 1207 3654 ara

217 3811 267 3861 598
290 3823 341 3859 non
363 3808 412 3859 ista
436 3807 559 3874 quaedam
585 3807 610 3857 ll
697 3810 746 3861 600
764 3808 875 3859 secretas
893 3804 918 3854 Ε
1004 3805 1054 3858 603
1072 3803 1167 3856 emittit
1182 3807 1209 3856 A

132 3881 182 3931 604
200 3876 317 3928 omnisE
363 3879 412 3928 605
432 3875 574 3938 octaedri,
593 3878 676 3939 orm&
717 3878 767 3930 618
786 3873 1019 3939 delevitl’eiperm
1062 3874 1113 3925 619
1131 3873 1208 3924 tutari

131 3945 211 4014 patris
229 3946 254 3996 A
306 3946 356 3997 628
374 3944 447 3996 sedat
464 3946 526 3995 lm.
545 3959 579 3994 arc
596 3943 675 3995 series
693 3949 724 3996 ct
737 3945 789 3995 oid.
803 3941 828 3993 n*
885 3943 935 3994 632
954 3945 981 3994 00
998 3946 1024 3993 te
1042 3940 1133 3992 tuebor
1149 3942 1174 3991 A
