2580 4366
106 207 168 270 232
490 227 518 267 c.
541 226 647 269 lunari
667 227 796 270 sennenn

52 388 55 395 '
106 396 193 438 locu.
238 375 294 435 llic
305 376 393 438 Troia
406 395 467 437 non
481 387 533 438 est.
573 395 648 438 cess.
664 377 718 436 Vbi
731 376 842 438 Helena
856 386 899 439 est
911 378 1031 440 Troiam
1043 390 1185 458 putores

106 480 192 522 nonu.
237 460 280 522 Ne
302 471 401 522 metue
424 460 573 522 dominam
595 463 711 523 famula.
758 481 833 522 uass
879 461 1013 524 Libertas
1038 465 1134 527 adest.

106 565 192 607 sonu.
237 547 347 607 Secura
369 545 448 607 vive.
487 565 562 607 cass.
607 546 678 607 Mihi
701 549 777 607 mori
800 556 844 608 est
867 549 1020 609 securitas,

106 649 193 692 nain.
236 630 355 691 Nullum
372 638 418 692 est
431 631 575 711 periclum
591 629 714 693 tibimet.
760 650 835 693 cess
866 635 903 694 nt
918 651 1060 712 magnum
1077 635 1144 697 tibi.

106 734 192 776 nonu.
237 714 335 776 Victor
359 717 462 778 timere
486 716 556 795 quid
578 714 719 796 potest‘l.
743 735 818 777 cess.
861 718 947 788 Quod
963 738 1026 779 non
1047 719 1145 781 timet.

45 808 46 811 ’
106 818 192 862 nonu.
237 799 321 861 Hanc
342 801 398 862 fida
420 802 522 862 famuli
544 802 640 876 turba,
664 802 734 862 dum
756 803 885 865 excutiat
908 804 1006 879 deum,
1143 816 1184 866 stt

105 885 230 946 retinete
253 904 291 946 ne
314 886 385 965 quid
407 887 555 966 impotens
577 895 682 966 peccet
703 887 798 948 furor.

106 979 135 1031 at
157 979 195 1044 te,
218 979 311 1049 pater,
335 971 386 1050 qui
408 991 491 1032 saeva
513 981 636 1051 torques
658 972 781 1034 fulmina

106 1055 253 1135 pellisque
275 1055 380 1131 nubes,
405 1057 499 1118 sidera
523 1067 552 1118 et
573 1066 666 1118 terras
689 1056 779 1135 regis,
866 1055 869 1061 ’

106 1139 140 1201 ad
164 1159 252 1220 quem
275 1141 419 1220 triumphi
442 1140 536 1221 spolia
559 1142 684 1202 victores
705 1142 817 1217 lerunt,

107 1233 136 1286 et
158 1233 187 1286 te
210 1244 342 1286 sororem
366 1233 471 1287 cuncta
494 1225 634 1305 pollentis
657 1227 721 1302 viri,

106 1310 241 1389 Argolica
263 1311 349 1387 luno,
372 1329 481 1390 pecore
501 1311 597 1370 votivo
620 1311 715 1373 libens

109 1395 299 1475 Arabumque
321 1394 407 1456 donis
430 1395 616 1475 supplicem
639 1397 710 1457 fibra
734 1396 836 1458 oolam.

460 1547 608 1609 CHORVS

311 1651 406 1726 Argos
429 1649 578 1711 nobilib-us
601 1649 700 1711 nobile
724 1649 845 1726 civibus,

260 1736 354 1812 Argos
377 1735 466 1796 iratae
489 1753 590 1796 carum
613 1752 765 1810 nouercae,

259 1837 377 1899 semper
398 1820 535 1900 ingentes
557 1821 692 1881 alumnos

260 1904 376 1977 educas,
400 1923 557 1966 numerum
582 1905 705 1966 deorum

260 1990 402 2068 imparem
425 1990 572 2069 aequasti:
596 1998 666 2050 tnus
688 1990 737 2050 ille

259 2074 305 2134 bis
328 2092 400 2135 seno
423 2075 532 2137 meruit
553 2074 652 2136 labore

259 2158 353 2238 adlegi
377 2159 457 2220 caelo
814 2205 821 2211 -

260 2262 385 2322 magnus
407 2244 534 2320 Alcides,
558 2245 607 2305 cui
629 2245 694 2322 lege
716 2243 820 2305 mundi

259 2328 393 2408 luppiter
414 2336 502 2408 rupta
524 2328 681 2406 geminavit
702 2329 790 2389 horas

260 2412 393 2474 roscidae
417 2413 513 2475 noctis
536 2413 682 2492 iussitque
703 2413 856 2474 Phoebum

181 2493 185 2497 ’
260 2497 372 2560 tardius
395 2497 506 2559 celeres
528 2497 638 2575 agitare
666 2516 772 2559 currus

261 2593 289 2645 et
310 2591 375 2643 tuas
397 2583 476 2645 lente
498 2600 630 2644 remeare
651 2582 745 2662 bigas,

260 2667 365 2748 pallida
387 2667 521 2741 Phoebe;

261 2752 374 2815 rettulit
395 2752 500 2832 pedem

261 2855 371 2898 nomen
395 2837 516 2899 alternis
538 2835 619 2898 stella
642 2854 718 2916 quae
740 2844 835 2897 mutat

261 2913 361 3000 seque'
375 2922 478 2983 mirata
501 2931 546 2983 est
567 2921 733 3002 Hesperum
756 2920 828 2995 dici;

261 3009 375 3068 Aurora
399 3007 489 3068 movit
510 3007 546 3068 ad
568 3007 668 3069 solitas
689 3006 767 3067 vices

261 3099 350 3170 caput
376 3100 405 3152 et
427 3090 563 3153 relabens
585 3081 727 3170 imposuit
748 3091 812 3151 seni

259 3176 368 3237 collum
390 3177 504 3239 marito.

261 3260 355 3322 sensit
376 3271 470 3337 ortus,
493 3261 586 3323 sensit
608 3280 730 3324 occasus

194 3412 243 3462 797
262 3426 330 3464 mors
353 3411 414 3464 mihi
438 3415 478 3464 est
501 3425 551 3475 sec.
574 3412 600 3462 A
686 3413 735 3463 798
759 3409 899 3478 periculum
917 3410 950 3461 n.
974 3438 1008 3448 -
1032 3410 1077 3462 tibi
1104 3419 1145 3464 est
1162 3415 1188 3466 A

107 3477 219 3531 scaenai
243 3482 401 3531 inscribitur
418 3479 523 3531 Chorus.
546 3479 685 3532 Cassandra
703 3478 728 3529 Ε
751 3479 847 3530 Chorus
864 3479 890 3529 A
960 3477 992 3528 de
1010 3479 1060 3529 boe
1079 3484 1187 3532 candeo

109 3547 338 3612 0fi1‚119.130
411 3549 546 3600 sto-cta
570 3561 650 3614 semp.
673 3547 737 3614 ing.
761 3545 807 3598 ed.
829 3545 867 3598 al.
889 3545 894 3615 Ι
915 3546 987 3615 imp.
1011 3560 1078 3613 aeq.
1104 3563 1187 3603 unm.

108 3614 193 3668 deor.
209 3613 214 3683 Ι
230 3618 289 3668 tuus
300 3615 416 3668 -labore
432 3616 437 3682 Ι
452 3614 672 3682 allegi-Alcides
687 3614 692 3683 Ι
707 3614 749 3666 oui
760 3644 779 3652 -
790 3618 864 3682 rupta
878 3614 884 3681 t
899 3629 983 3666 rosc.
1001 3619 1089 3666 noct.
1109 3631 1186 3683 gem.

107 3682 178 3735 hor.
193 3681 200 3749 Ι
213 3681 276 3736 iuss.
288 3684 414 3737 -celeres
429 3682 434 3750 Ι
450 3682 623 3750 agit-lente
638 3685 642 3746 l
658 3681 859 3735 rem-Phoebe
875 3684 901 3734 A
951 3684 1001 3735 815
1020 3681 1188 3749 ippiterss

109 3752 159 3803 818
178 3750 312 3802 eandida
329 3751 433 3804 Phoebe
450 3754 475 3801 A
538 3753 674 3804 atu-823
692 3750 880 3803 ret.·-altemis
895 3750 900 3817 Ι
916 3750 989 3802 stella
1000 3757 1072 3802 -est
1087 3756 1092 3818 1
1108 3751 1186 3819 lleep.

108 3818 267 3886 -movetl
283 3819 314 3870 ad
333 3835 353 3872 c.
370 3836 395 3872 v.
408 3820 416 3884 t
431 3817 619 3886 caput-seui!
632 3834 654 3870 c.
672 3833 706 3870 m.
724 3819 749 3869 n
774 3824 821 3870 ret.
843 3834 870 3887 p.
887 3819 941 3870 alt.
965 3833 1043 3870 nom.
1060 3819 1187 3884 {stella-

109 3889 148 3938 est
163 3885 168 3952 Ι
183 3885 259 3954 llea'p.
271 3915 291 3924 —
307 3888 387 3939 movit
400 3887 407 3955 Ι
422 3887 454 3939 ad
465 3917 484 3925 -
498 3885 615 3939 relabens
630 3885 635 3954 Ι
649 3887 740 3953 impos.
751 3900 843 3937 -man
862 3888 888 3938 A
956 3889 1005 3939 819
1024 3887 1145 3946 retulit
1161 3887 1188 3938 E

106 3952 292 4021 retulitque
309 3957 335 4007 A
405 3958 453 4008 823
472 3955 563 4008 senis
581 3953 717 4006 humero
735 3954 843 4006 mariti
861 3956 887 4006 A
