2602 4380
102 261 106 269 ,
147 192 216 255 lVlll
626 208 786 251 rutsrarro

150 361 330 443 positionem
369 358 539 422 adsimilatis
568 359 731 421 iEtruscum
765 360 930 441 exprimere
961 358 1106 420 malebam
1138 377 1227 437 quam

152 464 239 510 usum
266 446 339 508 satis
364 445 518 506 incertum
550 445 677 524 ipsoque
702 445 837 507 Senecae
867 453 1005 524 tempore
1034 445 1227 505 fluctuantem

151 531 303 593 arbitraria
325 531 439 592 ratione
466 529 655 590 incertiorem
675 530 786 592 ‘facere
835 530 974 610 quidquid
993 528 1105 608 ubique
1128 531 1227 609 posui,

150 634 214 678 non
234 617 376 698 coeptio
403 621 588 677 constantem
610 615 736 676 Etrusci
764 615 941 695 scripturam
964 614 1014 688 (ef.
1038 614 1110 676 (ded.
1134 616 1226 692 263);

147 711 238 764 nutus
252 701 373 781 ubique,
388 718 449 761 non
464 711 569 780 pontiu
583 701 662 780 quod
678 700 817 762 librarius
826 717 975 780 persaepe
990 700 1115 774 admisit,
1138 718 1228 778 saepe

148 804 213 848 nou
236 786 362 848 admittit
383 785 504 847 metrica
525 785 610 847 ratio.
648 785 749 848 cadem
772 784 912 847 suadebat
933 793 968 844 ut
991 784 1127 856 Caesius,
1151 784 1227 847 Ooo-

152 875 260 942 o'crus,
289 889 350 932 non
380 872 448 932 cum
476 870 580 933 codice
610 869 747 942 muudus,
777 869 938 932 donum
959 871 1150 950 reciperetur
1172 871 1227 946 (cl.

37 980 41 991 ·
153 955 202 1016 lll.
234 957 294 1030 18).
346 955 382 1016 de
411 955 525 1035 reliqua
552 955 672 1018 lltrusci
708 955 919 1034 orthographia
950 956 1041 1016 multa
1072 954 1229 1034 diligenter

152 1047 386 1120 contposuerunt
406 1039 550 1120 Peiperus
579 1048 608 1101 et
629 1040 787 1102 Richterus
816 1041 847 1102 in
876 1040 1014 1101 editionis
1037 1059 1107 1102 suae
1129 1040 1228 1102 indice

152 1125 391 1206 orthographicc.
428 1124 561 1186 codicem
583 1124 610 1186 ll
633 1125 793 1205 quominus
814 1125 861 1186 his
883 1125 914 1186 in
936 1125 1026 1187 rebus
1049 1127 1154 1187 ducem
1176 1145 1227 1186 su-

152 1228 335 1272 meteremus
356 1209 510 1290 probibuit
531 1211 766 1289 fragmentorum
788 1210 910 1272 exilitas.

141 1294 144 1304 '
234 1294 387 1357 octauam
411 1296 496 1357 etiam
525 1295 707 1375 praelatione
730 1296 856 1376 propria
878 1313 893 1356 a
916 1295 1048 1356 Senecae
1069 1295 1229 1374 tragoediis

154 1381 296 1460 separari.
339 1399 403 1442 non
425 1381 555 1460 separari
578 1379 738 1443 llerculem
756 1381 921 1455 Oetaeum,
948 1381 984 1441 de
1006 1381 1092 1442 cuius
1114 1380 1229 1443 fabulae

152 1472 258 1527 natura
279 1474 309 1526 et
331 1465 447 1543 origine
469 1484 531 1528 non
553 1465 696 1540 fefellisse
713 1484 761 1528 me
783 1466 925 1527 iudicium
954 1464 1043 1545 plane
1063 1466 1136 1527 mihi
1158 1485 1228 1546 per-

153 1567 273 1611 suasum
296 1559 342 1612 est
362 1551 433 1611 dum
456 1550 615 1612 novissime
636 1550 765 1612 fabulam
787 1560 944 1631 pertracto.
982 1558 1083 1613 contra
1107 1552 1143 1612 de
1165 1553 1228 1612 sin-

57 1711 59 1717 *
154 1634 231 1713 gulis
253 1635 429 1714 quibusdam
452 1634 526 1696 locis
548 1636 659 1698 rectius
682 1655 769 1717 wem
791 1638 822 1698 in
839 1635 939 1716 priore
953 1636 1103 1697 volumine
1117 1636 1228 1698 factum

154 1727 198 1782 est
219 1739 319 1782 annuo
342 1721 438 1800 spatio
461 1720 616 1782 interiecto
638 1740 686 1783 me
707 1721 839 1782 iudicare
860 1728 1094 1782 consentaneum
1118 1732 1171 1783 est.

238 1805 318 1885 Ergo
341 1805 515 1868 dimittimus
534 1814 576 1881 te,
593 1805 707 1882 libelle,
730 1824 826 1886 eoque
848 1815 877 1867 te
899 1806 1052 1868 meliorem
1068 1825 1133 1868 esse
1150 1825 1228 1868 ¹con-

153 1889 273 1952 fidimus
294 1909 354 1970 quo
376 1892 470 1970 megis
492 1891 658 1954 dissimulas
681 1903 826 1970 quantum
847 1891 877 1952 in
899 1900 930 1953 te
944 1891 1123 1953 adornando
1138 1893 1227 1953 studii

153 1984 183 2035 et
203 1974 312 2037 laboris
335 1985 544 2057 consumptum
565 1977 615 2038 sit.

234 2111 359 2173 Bonuae
380 2112 473 2173 Nonis
495 2111 568 2173 Mais

859 2255 1072 2328 Ilrldericus
1094 2259 1183 2328 Leo.
