2580 4366
360 107 643 169 nemeeensromu
664 125 881 169 courosrrrouu.
1115 111 1156 173 99

177 293 207 337 ac
231 274 257 336 si
286 274 353 336 iure
381 273 418 335 de
446 291 546 336 severa
573 274 732 371 synapbiae
760 293 863 337 norma
893 275 1060 350 dubitatur,
1088 285 1155 338 ante
1234 268 1245 290 ⁹

11 398 18 406 ·
112 357 187 420 mm
206 358 364 421 videndum
387 368 432 419 est
453 376 526 419 num
548 359 691 438 ancipites
713 359 838 456 syllabae
860 361 1009 422 vocalesve
1024 378 1091 422 cum
1107 380 1154 424 se-

6 410 38 459 m
102 443 244 511 luentibus
265 442 494 507 coalescentes
486 462 518 504 ιι
540 444 674 505 versibus
695 446 832 506 extremis
853 445 967 526 positae
987 444 1062 518 sint;
1086 464 1154 506 uam

98 514 134 585 lu
152 529 246 591 nediis
273 527 409 590 versibus
438 528 502 589 eius
532 528 649 606 generis
670 528 816 590 licentiam
839 549 878 591 ne
900 529 931 590 ιι
953 531 1012 591 ιιι
1034 529 1153 608 quidem

86 620 190 676 Seruus
208 613 360 675 terendam
383 631 447 674 esse
468 621 558 690 patet.
595 621 683 691 atque
705 633 721 674 e
744 613 912 692 quindecim
930 613 1062 675 versibus
1077 632 1153 693 quos

79 688 126 756 in
143 707 248 778 septem
269 696 421 778 prioribus
442 697 599 775 tragoediis
622 697 740 776 regulae
758 698 904 759 adversari
923 698 981 759 dixi
998 698 1153 760 duodecim

73 775 123 842 in
135 781 254 844 Etrusco
277 782 456 844 clauduntur
468 778 580 861 syllaba
594 780 692 857 debili,
716 801 751 842 ex
765 781 995 858 Agamemnonis
1013 783 1153 844 undecim

67 866 212 928 versibus
235 875 319 941 octo,
342 865 478 926 Herculis
495 865 595 927 Oetaei
612 866 713 927 decem
736 884 854 927 omnes:
878 867 956 928 unde
980 865 1056 928 ultro
1079 885 1152 928 con·

64 947 189 1029 ligitur,
212 951 264 1013 ubi
287 950 435 1012 licentiam
457 949 535 1010 illam
558 949 670 1011 Seneca
692 950 748 1012 sibi
771 951 961 1026 concesserit,
986 950 1046 1010 id
1038 971 1070 1011 ιι
1092 952 1151 1012 fine

62 1053 182 1097 versus
202 1035 314 1097 lactum
337 1052 417 1106 esse;
440 1034 510 1107 sive,
534 1042 567 1095 ut
582 1035 692 1095 rectius
706 1035 874 1131 loquamur,
898 1053 957 1097 non
975 1031 1011 1110 ἐξ
1026 1029 1150 1114 ὁμοίων

61 1119 223 1182 Senecam
238 1126 394 1200 systemata
409 1119 593 1198 anapaestioa
608 1120 821 1199 composuisse,
844 1121 896 1182 sed
911 1120 1052 1181 dimetros
1066 1116 1150 1183 κατὰ

61 1198 190 1283 στίχοι
219 1203 390 1277 deduxisse,
421 1202 552 1264 donec'
544 1222 576 1263 ιι
604 1205 799 1264 monometris
827 1204 1010 1266 desinerent:
1046 1205 1149 1266 eodem

58 1289 165 1350 modo
188 1308 248 1369 quo
271 1287 482 1383 sappbicorum
504 1305 642 1348 versuum
664 1287 850 1349 arbitrarium
866 1307 1023 1350 numerum
1038 1289 1148 1350 adonio

59 1372 214 1436 claudere
235 1373 320 1435 solet.
357 1371 457 1451 itaque
479 1379 635 1450 antequam
660 1372 779 1450 lougius
800 1374 1033 1452 progrediamur,
1056 1391 1148 1451 quae·

58 1457 201 1522 rendum
230 1465 275 1519 est
302 1465 448 1536 quatenus
475 1464 700 1535 anapaestorum
727 1457 824 1517 ordini
850 1457 944 1536 qualis
967 1459 997 1519 iu
1020 1458 1146 1518 Etrusco

61 1542 178 1604 codice
205 1550 327 1623 apparet
354 1539 461 1602 confidi
489 1540 585 1620 possit
611 1540 655 1601 vel
684 1541 783 1620 potius
813 1560 871 1621 qua
896 1542 1011 1603 ratione
1034 1543 1146 1603 Seneca

65 1626 217 1689 dinetms
238 1635 267 1688 et
289 1632 490 1687 monometros
512 1643 543 1685 se
566 1625 701 1705 excipere
723 1626 857 1686 voluerit.

162 1719 247 1792 atque
268 1708 485 1789 simplicissima
507 1708 626 1788 quidem
641 1709 670 1769 id
685 1710 800 1771 ratione
815 1712 924 1771 lactum
944 1718 997 1771 est.
1029 1709 1145 1770 dimetri

71 1794 216 1856 enin-
240 1796 277 1858 de
300 1794 428 1856 Etrusco
456 1793 579 1873 loquor,
607 1808 696 1872 quem
726 1812 818 1855 uuum
845 1794 935 1855 huius
964 1793 1145 1872 quaestionis

73 1862 298 1942 fundamentum
319 1877 421 1941 baberi
442 1895 496 1958 par
518 1886 618 1939 est—
634 1879 777 1940 continuo
800 1878 992 1941 decurrunt
984 1897 1015 1939 ιι
1038 1877 1145 1957 pleris-

77 1980 146 2040 que
161 1965 275 2027 canticis
296 1981 421 2044 perraro
441 1963 634 2024 monometris
652 1964 822 2042 interrupti
852 1981 929 2044 quos
943 1970 1144 2024 monometros

10 2092 14 2125 -,
82 2063 148 2108 non
163 2062 267 2112 temere
289 2048 403 2129 positos
425 2065 490 2109 esse
512 2065 547 2108 eo
564 2047 709 2108 evincitur
722 2048 824 2126 quod'
817 2068 848 2109 ιι
866 2057 910 2109 tot
924 2047 1056 2109 versibus
1072 2066 1145 2108 nus·

86 2147 169 2207 qum
192 2153 243 2214 per
272 2151 378 2195 norem
406 2131 570 2209 tragoedias
599 2132 776 2194 monometri
804 2151 866 2193 nou
894 2132 1073 2195 sententiam
1098 2132 1144 2193 vel

90 2215 230 2290 periodum
257 2217 303 2280 rel
332 2217 479 2278 canticum
501 2217 598 2295 ipsum
621 2217 772 2278 claudunt.
795 2235 863 2279 uam
885 2217 939 2279 ΗΟ
965 2219 1063 2292 1931,
1092 2215 1144 2296 qui

11 2346 15 2379 ·.
95 2305 140 2357 est
153 2312 322 2365 nonometer
343 2300 589 2362 subdistinctione
609 2320 625 2362 a
640 2302 777 2381 sequenti
792 2321 878 2364 versu
893 2304 1055 2377 seiunctus,
1078 2319 1142 2363 ver·

11 2423 22 2465 ,
101 2396 145 2441 eus
160 2385 191 2447 ita
209 2386 397 2468 dispositos
389 2405 419 2447 m
443 2385 469 2444 ιι
489 2385 612 2472 excipit:

181 2473 252 2535 1927
276 2490 437 2551 unquesque
457 2486 522 2531 euos
543 2469 636 2548 hydro
657 2470 709 2530 sad
730 2471 822 2531 eadm

273 2559 376 2618 territa
397 2558 495 2615 mmse‘t
516 2565 595 2632 tepore
617 2553 726 2616 lodoree
747 2573 762 2616 o
785 2565 852 2616 nete
874 2551 998 2616 timent?

269 2639 362 2719 [ullor
382 2638 473 2717 fallor
493 2656 619 2700 caesarea
638 2641 752 2718 sorem,
777 2657 827 2700 nec
849 2650 874 2701 te
895 2657 994 2700 mones

272 2723 444 2804 ambaeque
465 2726 582 2794 terrent,-

273 2827 333 2870 aore
354 2806 484 2886 Arpole‘co
505 2818 591 2885 repta
614 2806 690 2867 leoni
710 2825 736 2866 e
753 2825 781 2885 q.
798 2826 821 2868 s.

12 2862 46 2952 ¹»r
113 2884 134 2936 ll
145 2885 206 2953 19ιῦ
219 2911 234 2954 o
248 2903 315 2954 note
327 2889 451 2954 timeret?
473 2906 561 2952 suum
577 2908 694 2951 versum
712 2890 840 2970 explere,
862 2898 1021 2969 sequeust
1009 2889 1141 2949 trimeter

41 3057 43 3064 Α
114 2968 133 3020 ιι
146 2982 304 3038 monometer
325 2976 441 3038 duobus
464 2974 595 3036 dimetris
618 2975 820 3038 circumscribi
837 2974 971 3037 debeant.
977 2977 999 3049 ⁶)
1034 2990 1140 3034 mono·

114 3073 272 3104 κῇ.

171 3149 287 3219 beaed.
306 3161 357 3212 966
374 3173 413 3224 eq.
431 3157 468 3209 sie
486 3157 610 3224 disposita
629 3162 702 3209 suut:

270 3231 302 3277 ut
317 3241 391 3276 nunc
409 3241 493 3276 canae
509 3225 617 3290 frigore
638 3226 748 3276 brumae

272 3291 375 3347 audent
389 3293 481 3353 ιιιυαι,
499 3308 572 3343 nureo
590 3288 706 3343 arburlie'

272 3361 383 3412 redeant
400 3362 520 3425 umbrae,
537 3374 611 3410 auree
628 3362 723 3412 ιιιιιιιί

271 3428 341 3480 rolla
359 3429 443 3479 leonia
460 3442 575 3478 cererem

271 3511 369 3578 megae
386 3495 493 3557 serame
511 3500 628 3560 coquant

39 3582 49 3619 ι·
272 3566 392 3630 uiresque
408 3579 472 3614 suae
490 3567 616 3628 temperet
634 3564 739 3612 aanor?

42 3645 45 3650 ·
118 3619 162 3670 lm
167 3625 291 3694 retiquae
307 3632 372 3684 banc
389 3631 497 3682 formam
514 3629 634 3681 babuisse
652 3633 735 3695 patet.

272 3699 340 3751 eolla
359 3698 442 3749 leonis
461 3696 581 3750 Cererem
598 3712 697 3761 magno

271 3765 375 3827 feruore
393 3771 511 3831 coquant
528 3768 650 3829 viresque
666 3779 729 3814 auae

272 3838 396 3902 temperet
413 3836 517 3885 annue?
