2580 4366
148 215 210 276 254
532 235 560 274 n.
582 233 689 275 annam
710 233 837 277 snuncnn
888 270 890 275 .

147 400 209 445 non
233 393 297 444 ture
319 383 445 445 colimur
466 401 523 445 nec
542 401 626 445 meae
648 384 767 445 excluse
789 385 857 446 love

147 477 291 531 ornantur
313 487 396 542 arae;
421 467 499 530 nulla
523 468 703 530 culminibus
724 471 797 530 meis

146 553 282 635 imposita
306 562 390 615 nutat
410 555 479 615 silva
503 571 559 615 nec
580 555 695 615 lumant
714 572 804 616 manu

145 657 287 700 succensa
309 637 400 700 multa
422 648 525 718 stagna
548 657 603 700 nee
626 656 732 700 somno
756 641 818 702 dies
926 674 929 680 ·

144 723 320 805 Bacchoque
342 742 401 785 nex
422 724 570 802 iungenda
594 724 728 805 pervigili
749 726 853 786 datur:
937 736 940 743 '

144 810 196 870 sed
219 827 280 870 non
302 809 450 884 timemur,
472 819 535 871 tuta
557 809 622 870 sine
643 809 703 870 telo
717 814 770 871 'est
792 811 898 873 domus
1002 848 1005 853 -

143 893 292 974 rebusque
314 894 410 976 parvis
432 912 539 973 magna
557 903 722 975 praestatur
745 895 829 976 quies
852 930 893 940 -

143 980 272 1041 immane
293 997 420 1058 regnum
442 991 486 1040 est
507 997 595 1060 posse
617 980 680 1040 sine
702 998 796 1060 regno
819 981 888 1061 pati.

142 1084 225 1125 saur.
270 1064 331 1126 Nec
352 1065 552 1138 abnuendum,
575 1065 599 1124 si
622 1065 670 1126 dat
693 1064 850 1145 imperium
872 1065 954 1137 deus,

142 1168 197 1210 nec
219 1150 420 1231 appetendum
443 1158 501 1210 est:
525 1149 615 1210 frater
636 1159 669 1211 ut
689 1169 797 1229 regnes
819 1157 911 1230 regat.
974 1159 979 1169 “

141 1252 205 1296 rnr.
270 1233 386 1313 Rogat?
416 1235 579 1295 timendum
603 1244 657 1295 est.
702 1245 780 1296 errat
801 1236 849 1297 hic
871 1234 976 1314 aliquis
999 1234 1105 1298 dolus.

140 1340 223 1381 saur.
267 1319 374 1381 Redire
396 1319 490 1400 pietas
512 1320 592 1381 unde
613 1319 748 1381 submota
771 1328 815 1382 est
838 1319 912 1382 solet

139 1414 316 1487 reparatque
336 1405 412 1466 vires
435 1404 530 1475 iustus
551 1404 672 1466 amissas
693 1423 785 1467 amor.
996 1472 1002 1479 ,

140 1509 203 1552 rnr.
269 1492 354 1551 Amat
376 1489 524 1570 Thyesten
548 1487 661 1552 irater?
693 1490 838 1552 aetherias
858 1488 943 1571 prius

139 1575 298 1657 perfundet
320 1577 426 1636 Arctos
447 1585 559 1657 pontus
580 1585 609 1636 et
630 1574 722 1637 Siculi
745 1594 833 1656 rapax

139 1662 280 1723 consistet
302 1671 400 1722 aestus
422 1661 502 1723 unda
524 1671 553 1723 et
573 1661 659 1722 Innio
682 1669 766 1738 seges

138 1756 251 1808 matura
274 1747 378 1826 pelago
401 1757 501 1826 surget
524 1758 552 1808 et
573 1747 670 1808 lucem
692 1745 772 1807 dabit

138 1849 198 1894 nox
218 1840 280 1893 atra
301 1832 397 1905 terris,
420 1833 488 1893 ante
510 1851 577 1894 cum
600 1831 725 1892 flammis
741 1828 850 1910 aquae,
1176 1840 1215 1892 tet

138 1935 206 1978 cum
228 1924 323 1977 marte
344 1916 411 1987 vita,
434 1935 501 1978 eum
524 1917 598 1978 mari
619 1925 724 1978 ventus
746 1917 834 1976 fidem
928 1964 932 1969 .

137 2002 299 2082 foedusque
322 2001 456 2079 iungent.
500 2022 583 2063 raur.
626 2000 721 2072 Quam
742 2011 839 2062 tamen
861 1997 995 2059 fraudem
1018 1998 1139 2064 times?

136 2104 201 2148 rnr.
267 2085 409 2147 Omnem:
432 2087 530 2148 timori
554 2104 642 2165 quem
663 2103 730 2146 meo
753 2094 877 2147 statuam
899 2080 1048 2144 modum?

136 2180 249 2233 tantum
271 2179 370 2250 potest
392 2180 534 2251 quantum
558 2172 628 2232 odit.
672 2191 757 2234 nnus.
809 2170 843 2230 ln
866 2178 895 2230 te
918 2169 988 2248 quid
1012 2169 1144 2252 potest?

136 2275 199 2317 rnr.
263 2255 321 2316 Pro
343 2274 392 2317 me
414 2257 487 2319 nihil
510 2257 567 2317 iam
589 2265 704 2318 metuo:
728 2274 780 2316 vos
801 2254 896 2316 facitis
917 2253 990 2314 mihi
1175 2265 1213 2317 tas

135 2344 222 2401 Atrea
244 2342 418 2402 timendum.
462 2361 544 2403 rann.
588 2340 692 2423 Decipi
714 2349 818 2402 cautus
838 2335 948 2401 times?

135 2444 198 2486 rur.
264 2425 368 2487 Serum
391 2435 435 2488 est
456 2425 577 2488 cavendi
598 2435 716 2507 tempus
739 2426 768 2485 in
793 2424 897 2485 mediis
916 2421 1017 2484 malis:

135 2519 226 2583 eatur.
270 2529 363 2572 unum
385 2511 502 2590 genitor
523 2513 581 2572 hec
603 2518 696 2572 tester
716 2519 833 2571 tamen:

135 2613 189 2674 ege
212 2615 262 2656 vus
285 2615 403 2676 sequor,
427 2616 487 2657 nun
510 2595 597 2656 duco.
640 2614 724 2656 rnnr.
768 2594 916 2675 Respiciet
938 2592 1012 2652 deus

133 2680 209 2742 hene
231 2682 366 2761 cogitata..
410 2700 501 2763 perge
523 2699 583 2741 non
607 2680 697 2741 dubio
719 2682 821 2759 gradu.
1170 2685 1210 2739 tut

422 2833 570 2896 ATREVS

198 2933 314 3013 'Plagis
336 2943 453 2996 tenetur
476 2934 574 2996 clausa
596 2934 746 3014 dispositis
768 2934 844 2994 lera:

132 3029 160 3080 et
182 3019 279 3099 ipsum
303 3029 332 3080 et
353 3039 411 3081 una
434 3021 551 3099 generis
572 3020 659 3080 invisi
682 3018 809 3080 indolem

130 3105 260 3164 iunctam
283 3106 397 3184 parenti
420 3123 519 3166 cerno.
563 3106 620 3166 iarn
642 3112 707 3166 tuto
730 3105 760 3164 in
780 3102 847 3163 lnce

130 3198 283 3251 versantur
305 3188 380 3251 odia.
424 3190 556 3252 venitin
580 3199 697 3251 nostras
719 3206 824 3248 manus

130 3274 248 3336 tandem
271 3274 421 3354 Thyestes,
443 3276 532 3348 venit,
555 3284 584 3336 et
605 3283 685 3336 tetus
708 3274 836 3354 quidem.
1162 3278 1203 3330 ut

214 3499 263 3549 467
282 3493 397 3548 ducende
415 3495 441 3545 A
509 3495 558 3546 469
576 3508 596 3544 r.
614 3509 640 3559 p.
661 3492 712 3544 alte
730 3493 756 3543 A
813 3492 860 3542 art
879 3487 938 3538 ebn.
957 3485 1040 3538 esth*
1112 3489 1199 3563 mn

129 3579 152 3618 a.
175 3562 285 3631 Thyesti
302 3565 385 3614 datur
401 3564 435 3616 A.
454 3590 482 3602 -
506 3567 547 3614 est
565 3576 617 3612 cm.
635 3562 661 3611 A
729 3560 779 3611 476
798 3556 937 3625 Thyestem
954 3555 980 3604 A
1051 3556 1104 3610 486
1122 3554 1200 3621 deeip

128 3648 163 3682 eur
179 3632 258 3699 recipi
277 3633 291 3683 1
301 3648 335 3683 m.
353 3631 385 3681 Ε.
406 3659 441 3669 -
464 3635 554 3698 ceptus
567 3628 649 3687 cedd.
668 3631 789 3679 carreaelt
807 3624 960 3689 Madvigius
983 3623 1046 3676 adv.
1064 3625 1095 3676 Π
1107 3641 1136 3693 p.
1155 3620 1199 3676 tlt

127 3702 176 3753 487
195 3713 254 3753 rus.
275 3698 414 3763 Gruter-ru,
432 3713 481 3751 om.
501 3696 577 3749 codd.
629 3697 679 3750 488
701 3691 1200 3763 raposttdaaurlt,1’tattonseanti-

126 3773 229 3819 auctur
237 3768 271 3820 A.
289 3797 323 3806 —
341 3782 399 3835 qen.
409 3766 458 3819 hcc
468 3756 600 3818 hbrtsmen
610 3765 683 3817 estA
726 3765 776 3818 ⁴89
794 3778 809 3814 e
828 3778 874 3815 c-
885 3759 950 3812 duco
962 3760 1076 3827 Thyesti
1086 3757 1200 3814 dam

126 3837 177 3889 tto
195 3836 219 3887 b.
238 3852 262 3891 c.
286 3841 313 3887 ct
335 3852 361 3902 p.
379 3850 404 3886 n.
426 3833 450 3888 d.
469 3848 495 3953 q
518 3835 639 3900 propriis
662 3833 782 3884 aornim
901 3830 950 3881 491
970 3842 1088 3882 scaenae
1111 3827 1199 3883 utam

120 3902 380 4025 Atreus.hh'hymtes.
393 3901 475 3954 'lanta
487 3917 525 3954 us.
544 3900 696 3953 Plisthenes.
715 3897 819 3950 tacitill
836 3899 928 3949 Atreus
946 3893 1113 3963 ThyestesA
1152 3897 1197 3951 493

113 3988 142 4025 in
162 3988 214 4026 om·
