2580 4366
126 202 188 266 260
511 223 537 262 ι.
560 222 664 263 aarum
685 222 811 283 ssuncan

126 372 261 433 laxantur
282 370 369 450 adyto
392 371 450 434 iata
472 380 501 434 et
522 372 650 451 inmugit
672 391 779 454 specus

125 475 227 518 vocem
250 455 304 517 (leo
327 455 468 517 solvente.
527 476 587 537 quo
610 466 767 537 postquam
788 458 891 519 furens

124 541 244 603 intravit
265 543 372 601 Atreus
393 540 503 602 liberos
526 543 625 604 fratris
646 544 775 617 trahens,

125 636 269 688 ornantur
290 645 357 687 arae
378 660 421 670 —
465 627 532 706 quis
553 635 642 707 queat
664 629 754 706 digne
775 625 899 708 eloquii

124 720 194 792 post
216 719 298 789 terga
320 711 460 772 iuvenum
483 712 600 773 nobiles
619 711 725 791 religat
746 731 853 775 manus

8 859 13 872 ,
125 805 155 857 et
175 804 284 858 maesta
305 796 375 857 vitta
397 797 491 878 capita
513 816 664 879 purpurea
685 796 776 878 ligat;

125 899 187 942 non
210 889 274 943 tura
297 879 414 956 desunt,
437 900 499 943 non
521 901 603 943 sacer
625 881 730 944 Bacchi
754 881 853 962 liquor

124 975 309 1046 tangensque
331 966 405 1028 salsa
428 967 575 1028 victimam
598 966 694 1028 culter
717 967 805 1029 mola.

125 1061 257 1113 servatur
279 1052 375 1112 omnis
398 1053 481 1125 ordo,
504 1071 542 1113 ne
564 1061 678 1114 tantum
702 1053 785 1114 nefas

124 1155 186 1197 non
209 1138 265 1197 rite
286 1137 344 1197 fiat.
389 1155 472 1197 onon.
518 1135 591 1208 Quis
612 1155 732 1199 manum
754 1139 833 1200 ferro
855 1137 1022 1201 admovet?

105 1241 208 1282 *uvam
252 1220 318 1301 lpse
341 1229 387 1282 est
408 1221 554 1295 sacerdos,
576 1221 641 1302 ipse
663 1222 778 1284 funesta
801 1241 889 1304 prece

124 1305 210 1367 letale
233 1323 350 1366 carmen
374 1324 426 1367 ore
446 1307 577 1367 violento
600 1307 690 1382 canit,

128 1399 185 1453 stat
207 1391 271 1472 ipse
293 1391 329 1451 ad
352 1409 426 1466 aras,
450 1392 514 1473 ipse
536 1392 656 1454 devotos
678 1392 744 1453 neci

126 1484 289 1537 contrectat
311 1484 339 1537 et
361 1476 514 1557 componit
536 1484 565 1537 et
586 1477 605 1540 i
623 1477 703 1539 lerro
724 1477 874 1558 admoram

127 1560 253 1623 attendit
276 1561 355 1640 ipse:
379 1562 459 1622 nulla
482 1581 551 1640 pars
573 1563 647 1623 sacri
668 1562 757 1642 perit.

125 1647 212 1708 lucus
233 1647 390 1720 tremescit,
412 1655 473 1707 tota
495 1665 637 1708 succusso
659 1647 723 1709 solo
814 1687 823 1703 .

125 1730 240 1792 nutavit
261 1730 339 1803 aula,
361 1731 448 1793 dubia
471 1750 530 1810 quo
553 1732 670 1812 pondus
691 1731 772 1794 daret

127 1835 162 1878 ao
183 1816 338 1877 fluctuanti
360 1816 481 1890 similis;
504 1836 520 1877 e
542 1817 623 1877 laevo
646 1817 763 1878 aethere

128 1911 224 1963 atrum
248 1900 379 1962 cucurrit
400 1900 523 1961 limitem
546 1902 626 1965 sidus
647 1902 777 1963 trahens.

128 1986 218 2048 libata
238 1986 269 2047 in
293 1986 377 2064 ignes
398 1986 465 2047 vina
487 1996 599 2048 mumto
622 1987 720 2048 fluunt

130 2079 250 2132 cruenta
272 2070 398 2143 Baccho,
419 2071 535 2149 regium
557 2070 645 2153 capiti
667 2072 757 2132 decus

129 2156 176 2216 his
197 2166 300 2235 terque
323 2155 438 2235 lapsum
461 2164 515 2230 est,
539 2157 618 2218 ssevit
640 2156 671 2216 in
694 2155 812 2237 templis
834 2154 917 2216 ebur.

129 2259 248 2303 movere
270 2250 394 2302 cunctos
415 2249 557 2317 monstra,
578 2242 629 2302 sed
651 2241 732 2303 solus
754 2239 810 2302 sibi

129 2327 269 2386 immotus
291 2327 397 2386 Atreus
420 2334 536 2387 constat
556 2334 643 2407 atque
664 2325 743 2389 ultro
766 2325 837 2395 deos

130 2419 221 2471 terret
242 2410 397 2470 minantes.
440 2411 557 2490 iamque
579 2411 697 2472 dimissa
718 2428 802 2472 mora

129 2494 245 2556 adsistit
265 2495 334 2570 aris,
355 2503 471 2556 torvum
492 2503 523 2556 et
543 2496 696 2576 obliquum
718 2497 846 2558 intuens.

130 2579 230 2641 ieiuna
252 2579 332 2640 silvis
354 2575 478 2676 qualis
470 2599 501 2641 ιιι
525 2579 694 2661 Gangeticis

130 2665 208 2727 inter
230 2665 369 2725 iuvencos
391 2664 475 2744 tigris
496 2667 602 2729 erravit
623 2666 707 2732 duos

130 2749 285 2847 utriusque
306 2749 431 2829 praedae
453 2751 559 2834 cupida
581 2769 641 2847 quo
664 2752 793 2832 primum
816 2731 889 2813 ierat

131 2835 243 2896 incerta
265 2852 382 2895 morsus
403 2835 504 2912 (flectit
526 2837 585 2897 huo
607 2836 700 2899 rictus
721 2854 801 2909 suos,

131 2919 182 2981 illo
203 2919 328 2981 relleotit
351 2928 379 2980 et
399 2921 507 2981 famem
530 2921 648 2983 dubiam
670 2923 773 2999 tenet),

131 3005 174 3066 sic
197 3004 289 3065 durus
311 3007 418 3066 Atreus
440 3005 536 3085 capita
557 3007 659 3067 devota
681 3006 788 3087 impiae

132 3089 303 3170 speculatur
324 3090 393 3150 irae.
438 3109 525 3169 quem
548 3090 632 3171 prius
654 3099 763 3153 mactet
784 3089 840 3153 sibi

131 3173 256 3250 dubitat,
277 3175 405 3235 secunda
427 3175 533 3235 deinde
556 3194 645 3257 quem
667 3179 755 3239 caede
776 3173 919 3236 immolet.

131 3278 188 3320 nec
210 3260 396 3321 interest-
419 3260 469 3320 scd
491 3259 605 3323 dubitat
626 3268 655 3322 et
677 3278 793 3323 mavum
816 3258 912 3323 scelus

132 3344 211 3406 iuvat
233 3345 378 3408 ordinare.
424 3363 508 3407 cnon
553 3343 647 3416 Quem
668 3355 768 3408 umen
790 3345 868 3408 terro
891 3339 1039 3424 occupat?

131 3449 214 3490 arur.
259 3429 376 3490 Primus
397 3429 481 3490 locus
502 3432 564 3527 (ne.
576 3432 660 3493 desse
682 3432 824 3518 pietatem
842 3431 939 3510 putes)

131 3533 184 3576 avo
207 3515 334 3576 dicatur:
358 3513 498 3631 Tantalus
520 3515 613 3596 prima
636 3515 731 3578 hostia
754 3524 808 3577 est.

218 3749 267 3800 685
286 3751 389 3799 revocat
405 3761 496 3801 manue
513 3750 539 3800 A
607 3752 656 3802 688
674 3753 815 3818 tangensve
833 3751 917 3800 A-
939 3746 1041 3830 inaug·
1107 3754 1159 3806 694
1175 3748 1205 3809 es·

132 3814 241 3878 o.,·690
256 3818 378 3881 genuino
398 3817 478 3867 verba
499 3817 612 3884 expulso
633 3818 760 3870 videntur
819 3820 869 3871 ’106
888 3814 988 3870 assiluit
1005 3817 1058 3871 aris
1075 3821 1103 3871 A
1161 3821 1205 3871 'llll

131 3881 223 3934 hoelo*
276 3886 322 3935 711
341 3882 467 3936 lameoE
518 3883 694 3938 '112dirusA
746 3888 795 3939 713
813 3885 997 3955 speculatorii
1050 3890 1105 3942 714
1123 3900 1206 3941 aeeon

129 3948 234 4002 damla'
302 3953 351 4004 715
370 3954 468 4002 tantuna
486 3952 570 4004 scelus
588 3954 613 4002 A
