2580 4366
395 178 433 220 33
455 177 647 220 aucnusnnnrs
669 178 848 223 3333333333.
1119 166 1157 229 13

122 327 267 406 corrigendis
283 329 405 408 quaein
424 327 482 388 illis
503 335 635 390 correcta
656 329 781 390 vidimus
798 339 827 391 et
848 329 907 409 ipsi
928 330 1092 393 sufficimus
1106 367 1158 407 -,

120 410 301 475 nisiEtruscus
317 431 455 492 quoque,
476 423 506 474 et
525 412 575 474 ille
596 413 716 492 quidem
737 423 893 493 postquam
914 416 1117 495 apographum
1132 419 1161 478 Σ

120 498 252 560 conlectum
268 506 322 574 est,
338 508 538 561 correctorem
553 517 658 578 passus
673 507 760 574 esset,
781 500 832 577 331
846 499 980 578 volgares
995 501 1158 580 scripturas

119 579 209 644 hicillic
227 583 353 662 margini
368 583 477 657 intulit,
500 583 645 662 genuinas
660 601 720 662 non
737 583 833 646 nullas
849 585 946 646 erasit.
979 584 1159 664 ubicumque

117 663 182 742 igitur
198 669 289 748 prima
310 667 429 729 Etrusci
451 686 557 739 manus
577 668 671 729 deleta
693 676 752 745 est,
779 669 896 729 codices
919 669 954 730 M
967 679 996 730 et
1011 668 1042 730 N
1061 680 1158 732 certos

117 749 226 813 hahemus
236 753 381 833 pristinae
391 751 528 813 lectionis
539 759 640 814 testes.
668 752 746 831 qnod
762 761 795 814 ut
810 753 944 832 exemplo
956 755 1157 834 comprobem,

117 834 271 899 erllencnlis
289 837 399 918 prioris
413 836 510 912 initio,
534 837 564 898 in
586 856 646 915 quo
668 837 855 917 impudenter
874 838 979 899 versati
1000 848 1070 901 sunt
1092 859 1159 900 333-

116 928 215 984 rectores
229 923 298 999 dnn,
322 922 485 984 eliminatas
500 921 536 983 alo
552 922 611 983 illis
626 922 744 984 Etrusci
768 922 932 1002 scripturas
952 925 1116 985 secundum
1131 927 1160 986 Σ

115 1011 162 1066 ante
174 1007 269 1068 oculos
283 1026 409 1089 ponam:
432 1025 459 1067 v.
476 1007 495 1070 8
516 1011 631 1068 recenti.
667 1009 704 1069 12
724 1008 805 1086 fetro
821 1011 933 1069 331333.
965 1009 1158 1071 2133333131.

115 1089 282 1169 3113311333.
307 1095 347 1156 36
359 1100 472 1172 putrem
483 1091 609 1170 prodent·
620 1091 728 1171 gloriae
742 1094 801 1170 feci
814 1091 916 1154 locum.
946 1094 986 1156 38
1002 1091 1158 1173 Aethiopas.

114 1174 225 1238 131333.
259 1179 301 1240 56
323 1178 422 1239 donoc.
457 1177 497 1238 62
519 1185 648 1238 ettennon
668 1181 793 1237 monstri
812 1177 884 1239 collo
905 1179 1012 1240 devicto
1031 1183 1157 1241 intuens.

115 1257 312 1324 dicticinium.
342 1264 382 1323 OO
404 1261 492 1340 seros.
525 1264 584 1324 110
604 1260 764 1339 aduecto).
799 1263 858 1326 183
879 1263 981 1341 [lotor.
1012 1263 1072 1325 184
1088 1267 1158 1325 suis.

115 1343 157 1406 113
168 1357 296 1428 tempore.
328 1348 389 1409 213
408 1349 545 1425 optimo.
575 1345 775 1408 2191331133.
804 1348 867 1410 236
888 1366 953 1427 333.
984 1349 1045 1410 257
1062 1351 1158 1427 copiti.

113 1426 157 1490 111
175 1441 277 1494 tremet.
312 1433 374 1495 302
395 1429 522 1492 Eleusin.
560 1432 622 1494 316
647 1435 768 1491 timoris.
803 1433 956 1494 3213131.
990 1433 1052 1494 324
1073 1449 1160 1513 super

112 1509 194 1576 lotoo.
221 1517 282 1579 368
298 1517 431 1577 reducere
445 1534 470 1575 e.
488 1534 515 1595 q.
532 1534 556 1576 s.
584 1514 639 1576 hac
653 1514 744 1594 igitur
758 1515 790 1575 in
806 1533 838 1577 re
853 1514 889 1577 de
905 1535 962 1595 qua
977 1516 1009 1578 in
1024 1517 1160 1596 sequenti

112 1598 183 1675 capite
200 1601 349 1681 copiosius
371 1600 528 1662 dicendum
552 1599 622 1674 erit,
644 1599 776 1662 Vaticani
798 1610 828 1663 et
842 1599 1028 1663 Ambrosiani
1050 1601 1159 1662 auxilio

112 1680 205 1744 311333
220 1684 454 1764 dedignabimur.

175 1788 245 1849 3333
273 1771 310 1831 13
336 1769 454 1830 Etrusci
483 1767 653 1848 apographo
682 1767 828 1849 disputavi
856 1787 917 1830 non
945 1769 1096 1848 pertinent
1123 1769 1160 1830 ad

112 1845 261 1916 Phoenissae
282 1853 461 1932 Medeaeque
481 1853 561 1914 illam
582 1852 757 1932 excipientis
776 1862 890 1932 partem
912 1854 1060 1933 priorem;
1084 1872 1160 1933 3333

112 1938 354 2019 332333313333
376 1957 446 2000 casu
469 1937 589 2010 ablatae,
612 1956 680 1998 cum
696 1938 815 2000 Medeae
836 1937 984 2018 posterior
1006 1955 1075 2016 pars
1097 1939 1160 1999 1333

112 2015 161 2082 1313
173 2041 188 2084 3
200 2043 225 2084 v.
243 2027 305 2088 700
321 2042 357 2084 ex
371 2024 497 2086 Etrusco
514 2022 649 2101 pendeat,
671 2023 727 2085 alio
744 2024 779 2084 de
795 2023 897 2084 codice
915 2021 951 2083 ab
966 2023 1070 2084 endem
1085 2031 1159 2101 puto

113 2119 177 2180 quem
191 2110 219 2169 in
238 2109 361 2187 reliquis
381 2108 538 2187 tragoediis
560 2094 743 2184 corrigendis
765 2115 941 2187 occupatum
963 2107 1159 2188 deprehendi·

111 2203 167 2267 mus,
184 2193 337 2273 suppletae
359 2202 444 2267 sunt;
467 2193 574 2254 deinde
589 2192 619 2252 in
636 2191 670 2252 M
689 2193 751 2254 suis
772 2192 847 2254 locis
866 2193 1061 2271 transcriptae
1082 2193 1113 2254 in
1129 2193 1160 2253 N

111 2269 237 2339 13331313
259 2278 364 2339 331133
384 2278 536 2356 leguntur,
557 2285 590 2337 ut
611 2286 692 2338 recto
713 2277 779 2339 loco
795 2277 905 2352 Medea,
928 2285 997 2358 post
1012 2277 1158 2357 Oedipum

112 2353 265 2425 Phoenissae
280 2372 359 2424 extet
373 2370 403 2424 et
417 2363 480 2442 ipsa
489 2361 597 2443 Oedipi
611 2363 732 2424 nomine
746 2363 898 2442 inscripta.
928 2362 1060 2422 codicem
1075 2362 1159 2424 illum

111 2439 277 2526 interpolatae
292 2455 388 2510 sectae
407 2448 499 2509 131333
521 2459 752 2510 consentaneum
776 2454 828 2509 est.
861 2464 953 2525 33333
973 2446 1078 2508 harum
1098 2456 1159 2508 tra·

111 2531 255 2600 goedierum
270 2534 302 2594 in
317 2532 496 2612 apographis
511 2532 628 2593 duobus
642 2533 729 2594 lectio
751 2532 798 2593 rix
818 2531 940 2610 cognitu
963 2531 1052 2610 digna
1073 2532 1159 2606 13331,

110 2610 191 2677 313113
205 2637 240 2679 33
255 2628 335 2680 certe
351 2617 493 2679 momenti
515 2616 625 2697 aliquid
647 2617 765 2692 inesset,
790 2617 870 2695 quod
894 2615 995 2678 eadem
1015 2616 1077 2677 1333
1099 2626 1161 2678 3331
1221 2686 1223 2690 ⁴

110 2692 213 2763 llelissei
227 2702 295 2763 libri
309 2701 408 2776 lectio,
428 2701 528 2763 amissi
542 2708 611 2781 post
624 2701 715 2781 Lipsii
732 2718 862 2780 operam,
884 2701 935 2762 sed
951 2701 1067 2761 laudato
1082 2701 1159 2762 mul·

111 2785 156 2844 133
169 2796 195 2847 31
207 2787 384 2849 1331133313.
417 2789 468 2866 331
485 2787 570 2848 33133
587 2787 703 2865 generis
718 2787 807 2847 133311
820 2787 877 2848 iam
892 2785 1023 2862 intellegi
1040 2787 1159 2866 poterit.

174 2871 207 2932 de
220 2871 357 2934 Melissae
373 2890 448 2951 quae
463 2871 532 2934 sciri
547 2880 674 2951 possunt
689 2891 704 2932 e
720 2870 812 2950 Lipsii
834 2870 1052 2932 commentariis
1072 2889 1159 2950 repe-

109 2953 176 3014 tenda
189 2965 267 3033 sunt,
291 2957 343 3036 qui
358 2975 434 3035 quae
448 2957 483 3018 ad
498 2956 733 3018 emendationem
748 2955 859 3035 aliquid
878 2957 1015 3016 33313333
1036 2963 1160 3036 possent

110 3042 222 3103 13313311.
260 3060 295 3103 33
315 3041 406 3119 igitur
421 3060 495 3120 quae
514 3041 580 3102 sine
600 3041 711 3103 codicis
732 3059 790 3120 ope
812 3040 968 3101 emendare
989 3039 1105 3115 studet,
1127 3039 1159 3100 in

109 3122 188 3186 codice
202 3145 264 3189 non
279 3126 386 3187 melius
400 3126 505 3187 tradita
519 3125 611 3187 inisse
627 3133 740 3187 certum
756 3133 810 3187 est.
844 3125 896 3187 sed
919 3143 958 3186 ne
978 3125 1055 3185 13313
1077 3123 1159 3184 13113-

108 3217 166 3284 333,
187 3229 268 3273 3333
282 3230 315 3272 33
331 3218 445 3272 tanturn
460 3210 653 3290 respiciemus
669 3211 790 3288 quaein
804 3209 940 3272 Melisseo
963 3207 1093 3269 extitisse
1114 3207 1159 3267 di·

109 3294 176 3355 Strtis
188 3296 284 3357 verbis
299 3302 432 3356 testatur.
462 3315 494 3357 ea
509 3313 589 3370 vero,
604 3303 638 3356 ut
652 3294 687 3356 de
699 3294 870 3356 Phoenissis
884 3293 1013 3372 primum
1028 3309 1159 3369 agamus,

109 3387 157 3438 trun
178 3379 244 3441 MN
262 3380 363 3440 omnia
386 3379 579 3441 consentiunt
600 3388 718 3460 praeter
738 3379 793 3440 hos
814 3379 913 3440 locust
943 3395 969 3437 3.
993 3381 1160 3439 dioecete

108 3451 219 3541 1111113
238 3477 348 3527 rectum
369 3464 437 3526 Mel.
460 3464 530 3540 alii).
568 3466 708 3528 6431333
731 3468 869 3539 (vertere,
894 3462 973 3542 quod
994 3462 1071 3523 idem
1094 3465 1160 3537 est).

110 3543 151 3610 181
172 3554 258 3630 coepit
281 3549 404 3629 (coepi).
448 3551 508 3614 182
530 3555 715 3629 magnanime
736 3549 901 3611 miserando
931 3547 1012 3626 (noio.
1035 3548 1159 3628 333333).

108 3625 152 3691 151
172 3634 438 3713 3333331333).
472 3636 534 3698 326
552 3653 610 3695 orn.
626 3633 787 3712 exemplum
798 3636 907 3713 ingeres,
940 3633 991 3696 sed
1006 3633 1114 3711 legitur
1129 3631 1160 3692 in

107 3719 218 3796 margine
229 3721 272 3780 M.
296 3717 406 3799 quihus
422 3720 458 3779 de
472 3719 545 3781 locis
560 3719 701 3781 iudicium
716 3727 831 3779 certum
846 3719 912 3793 erit,
927 3718 978 3780 uhi
993 3715 1161 3778 communia

108 3804 227 3875 13331313
237 3803 508 3884 composuerimus:
522 3805 582 3867 178
594 3804 692 3865 audies
702 3821 802 3865 333333
814 3803 919 3884 Oedipo
930 3799 1160 3882 (OedtpumAE).

109 3881 272 3972 3133333133
288 3887 503 3970 (3331333111).
537 3889 596 3952 331
621 3886 752 3967 coempto
772 3889 936 3966 facinorum
957 3886 1032 3966 (foe.
1047 3904 1093 3948 eoo.
1108 3884 1161 3963 A).
