2602 4380
106 191 167 253 108
445 205 484 246 us
505 204 632 246 cussinis
653 203 840 247 possumus

107 366 175 436 post
201 356 340 416 adonium
366 374 391 416 r.
416 356 477 417 595
501 357 538 429 (v.
561 354 596 415 ad
620 355 692 416 Oed.
715 357 790 429 476)
820 355 845 416 si
873 351 1135 432 hendecasyllabos
1161 371 1177 414 a

107 441 236 502 librariis
257 440 398 502 diremtos
420 439 614 514 restituimus,
637 440 668 501 hi
689 459 791 502 versus
812 440 940 501 evadunt
962 441 1024 503 596
1047 456 1109 517 sm:

307 543 370 604 pan
391 525 471 585 alta:
493 524 587 586 mullos

311 613 417 670 ciuium
438 621 531 671 coetus
552 613 633 671 timet
654 619 706 670 aut
727 613 852 671 minaces

312 698 427 756 uictoris
449 699 518 764 iras,
539 713 600 755 uon
621 698 717 755 maria
739 700 848 773 asperis

311 783 414 840 iusaoa
436 783 517 850 coris,
539 798 600 841 uou
620 785 694 840 acies
715 779 795 857 feras
872 803 877 812 ·

308 863 510 943 pulvereamve
531 864 635 925 nubem

109 968 126 1009 e
149 948 256 1026 quihus
278 967 304 1008 v.
329 949 391 1010 596
414 949 498 1026 prius
520 948 621 1009 alcaici
644 948 747 1019 colcu,
770 967 796 1007 v.
819 949 880 1010 600
904 955 974 1007 nota
996 945 1180 1025 pherecratei

108 1033 203 1094 forma
225 1037 270 1095 est
292 1030 393 1111 (Lydio
415 1035 670 1112 dispumare),
693 1049 751 1110 qua
774 1031 887 1093 Seneca
909 1031 940 1091 iu
955 1031 1088 1092 Phaedra
1109 1049 1180 1091 usus

109 1127 155 1179 est
168 1138 194 1177 v.
211 1119 306 1181 1131:
330 1117 568 1198 imbriferumque
582 1137 681 1179 corum
697 1126 726 1178 et
740 1117 817 1178 inira
832 1135 857 1176 a.
874 1118 951 1179 604:
975 1117 1181 1178 indomitum

110 1202 221 1263 bellum.
244 1236 285 1245 —
307 1221 332 1262 v.
352 1204 410 1264 601

311 1298 420 1348 motam
441 1287 597 1348 barbaricis
619 1290 745 1367 equitum
770 1290 890 1348 cateruis

109 1389 178 1430 cum
200 1370 334 1450 sapphici
356 1371 472 1433 numeri
495 1390 618 1450 prorsus
640 1371 781 1432 destructi
803 1371 879 1447 siut,
906 1389 1023 1431 versum
1044 1369 1181 1449 agnosci·

110 1473 176 1516 mus
204 1475 240 1516 ex
268 1456 367 1534 priore
394 1456 569 1534 asclepiadei
596 1467 625 1518 st
646 1457 738 1518 altera
759 1455 892 1535 sapphici
915 1463 999 1534 parte
1021 1455 1181 1517 edolatum.

111 1540 214 1601 eodem
236 1541 329 1601 utitur
352 1561 376 1600 v.
400 1545 471 1604 614.
495 1543 567 1604 907.

314 1639 346 1688 ut
369 1628 510 1706 quondam
534 1625 672 1687 Heraclea
693 1627 790 1687 cecidit
808 1625 953 1703 pharetra.

313 1713 424 1773 audibit
446 1717 572 1773 sortitum
593 1715 745 1790 crepitante
767 1710 872 1772 06666.

111 1814 137 1855 v.
161 1797 225 1860 604
246 1815 306 1875 sq.:
348 1835 359 1855 .

311 1892 477 1959 perrumpet
499 1900 581 1942 omne
601 1883 752 1942 seruitium
773 1890 946 1960 mutersptcr

228 1969 289 2030 605
312 1965 418 2027 levium
441 1967 566 2027 deorum.

314 2054 365 2130 qui
384 2050 481 2112 subus
502 2051 664 2111 Acherontis
685 2053 747 2111 atri
766 2054 816 2129 pai
837 2048 926 2129 Sippa
948 2052 1060 2110 tristem

313 2152 373 2195 uou
395 2139 485 2196 tristis
507 2136 582 2195 videt
604 2135 741 2213 audetque
762 2139 837 2197 vitoe

311 2236 416 2298 ponere
437 2219 534 2298 finem.
575 2238 632 2298 por
653 2218 702 2280 ille
722 2225 786 2298 repr'
802 2238 861 2300 por
881 2223 993 2299 superis
1014 2222 1078 2280 erit.

227 2306 289 2366 610
312 2321 327 2363 o
350 2322 435 2382 quum
456 2309 595 2364 miserum
617 2315 656 2365 est

313 2406 420 2448 nescire
441 2408 517 2450 mora

111 2473 183 2533 haec
205 2490 301 2550 usque
322 2471 357 2531 ad
381 2473 507 2533 medium
531 2492 556 2532 v.
574 2475 636 2536 609
659 2474 733 2534 falso
748 2474 813 2534 loco
830 2473 934 2534 tradita
948 2482 978 2534 et
993 2482 1063 2534 aute
1079 2491 1104 2532 v.
1121 2473 1183 2536 593

110 2557 265 2618 inserenda
289 2575 353 2635 esse
364 2556 581 2618 intelleximus.
619 2558 755 2619 versiculi
774 2567 872 2618 autem
886 2576 955 2618 cum
971 2565 1089 2636 praeter
1104 2556 1185 2618 ordi·

111 2660 178 2702 uem
200 2642 370 2702 locarentur
391 2642 479 2703 simul
500 2643 608 2703 lactum
631 2652 675 2703 est
704 2651 737 2702 ut
765 2651 881 2721 praeter
910 2661 1052 2704 numeros
1082 2641 1184 2722 dispo-

112 2736 263 2787 nerentur.
308 2735 336 2786 et
363 2726 442 2786 ultro
465 2727 583 2804 quidem
606 2728 755 2806 prodeunt
776 2746 878 2788 versus
901 2727 1003 2806 quales
1026 2745 1184 2813 enumera·

111 2811 205 2872 vimus
230 2831 257 2889 p.
278 2813 353 2873 121:

314 2906 486 2973 contemptor
508 2894 613 2957 baiam
635 2897 752 2957 oleorum

312 2985 363 3059 pai
383 2979 479 3041 cultus
500 2980 664 3054 Acherontis
685 2985 752 3042 otri.

110 3066 190 3143 qucil
219 3066 259 3125 in·
281 3064 364 3124 initio
387 3064 522 3124 relictum
546 3073 590 3124 est
611 3083 786 3144 quamquam
808 3065 893 3125 facile
916 3065 996 3126 credi
1019 3072 1119 3145 potest
1139 3065 1182 3128 sic

111 3151 210 3228 potius
232 3150 387 3228 legendum
412 3167 489 3209 esse:

313 3237 463 3295 auritium
481 3244 648 3313 perrumpet
669 3252 761 3308 omne,

111 3318 183 3379 nihil
206 3327 304 3379 tamen
328 3318 423 3378 obstat
438 3319 597 3397 quominus
612 3319 754 3380 alcaicum
769 3337 886 3380 versum
901 3319 1065 3381 habeamus
1079 3318 1179 3383 ultimo

112 3404 261 3481 pariamho
284 3403 419 3464 mutilum

311 3499 477 3567 perrumpet
499 3506 582 3549 omne
602 3492 753 3550 servitiam

111 3570 160 3631 cui
182 3572 314 3650 proxime
329 3572 442 3634 accedit
457 3572 529 3633 066.
546 3573 893 3635 intumescentium
907 3584 1001 3653 caput.
1019 3607 1060 3618 -
1078 3593 1103 3635 v.
1119 3573 1174 3636 606

113 3655 291 3734 relinquitur
313 3657 432 3735 quidem
453 3657 579 3719 adonius

493 3747 544 3822 qui
564 3743 652 3822 Stypa
674 3748 792 3813 tristem,

111 3825 163 3885 sed
185 3843 315 3906 sequeus
336 3845 439 3888 versus
462 3821 636 3908 ἅρρυθμος
659 3838 704 3889 est
725 3837 763 3900 et,
787 3836 819 3888 ut
834 3826 943 3905 syllaba
960 3844 1071 3907 anceps
1085 3826 1176 3898 docet,

110 3927 213 3971 errore
235 3929 375 3973 conexus.
420 3911 518 3990 itaque
541 3913 614 3974 hacc
635 3912 674 3973 ita
697 3911 882 3973 discribentis
905 3920 992 3974 suut:
