<?xml version="1.0" encoding="UTF-8"?>
<!DOCTYPE html PUBLIC "-//W3C//DTD XHTML 1.0 Transitional//EN"
    "http://www.w3.org/TR/xhtml1/DTD/xhtml1-transitional.dtd">
<html xmlns="http://www.w3.org/1999/xhtml" xml:lang="en" lang="en">
 <head>
  <title>
</title>
<meta http-equiv="Content-Type" content="text/html;charset=utf-8" />
  <meta name='ocr-system' content='tesseract 3.04.00' />
  <meta name='ocr-capabilities' content='ocr_page ocr_carea ocr_par ocr_line ocrx_word'/>
</head>
<body>
  <div class='ocr_page' id='page_1' title='image "./tragoediae00leogoog_0111.png"; bbox 0 0 2580 4366; ppageno 0'>
   <div class='ocr_carea' id='block_1_1' title="bbox 139 164 799 230">
    <p class='ocr_par' dir='ltr' id='par_1_1' title="bbox 139 164 799 230">
     <span class='ocr_line' id='line_1_1' title="bbox 139 164 799 230; baseline -0.006 0"><span class='ocrx_word' id='word_1_1' title='bbox 139 167 180 230; x_wconf 90' lang='grc'><strong>98</strong></span> <span class='ocrx_word' id='word_1_2' title='bbox 536 183 574 227; x_wconf 83' lang='lat' dir='ltr'><strong>on</strong></span> <span class='ocrx_word' id='word_1_3' title='bbox 596 164 799 229; x_wconf 74' lang='lat' dir='ltr'><strong>ioaunruvouu.</strong></span> 
     </span>
    </p>
   </div>
   <div class='ocr_carea' id='block_1_2' title="bbox 138 333 1279 1596">
    <p class='ocr_par' dir='ltr' id='par_1_2' title="bbox 138 333 1279 1596">
     <span class='ocr_line' id='line_1_2' title="bbox 138 333 1268 414; baseline -0.003 -18"><span class='ocrx_word' id='word_1_4' title='bbox 138 335 225 398; x_wconf 90' lang='lat' dir='ltr'><strong>tiatos</strong></span> <span class='ocrx_word' id='word_1_5' title='bbox 247 334 361 396; x_wconf 92' lang='lat' dir='ltr'><strong>nullum</strong></span> <span class='ocrx_word' id='word_1_6' title='bbox 377 341 539 395; x_wconf 82' lang='lat' dir='ltr'><strong>metrorum</strong></span> <span class='ocrx_word' id='word_1_7' title='bbox 553 352 648 413; x_wconf 87' lang='lat' dir='ltr'><strong>genus</strong></span> <span class='ocrx_word' id='word_1_8' title='bbox 663 342 822 414; x_wconf 84' lang='lat' dir='ltr'><strong>comparet,</strong></span> <span class='ocrx_word' id='word_1_9' title='bbox 845 352 913 396; x_wconf 90' lang='lat' dir='ltr'><strong>oum</strong></span> <span class='ocrx_word' id='word_1_10' title='bbox 931 333 1116 414; x_wconf 88' lang='lat' dir='ltr'><strong>reliquarum</strong></span> <span class='ocrx_word' id='word_1_11' title='bbox 1130 335 1268 397; x_wconf 71' lang='lat' dir='ltr'><strong>nulla</strong></span> 
     </span>
     <span class='ocr_line' id='line_1_3' title="bbox 139 417 1264 498; baseline 0.001 -16"><span class='ocrx_word' id='word_1_12' title='bbox 139 419 253 482; x_wconf 90' lang='lat' dir='ltr'><strong>cantico</strong></span> <span class='ocrx_word' id='word_1_13' title='bbox 275 417 393 480; x_wconf 83' lang='lat' dir='ltr'>aeolicis</span> <span class='ocrx_word' id='word_1_14' title='bbox 415 419 547 480; x_wconf 90' lang='lat' dir='ltr'><strong>numeris</strong></span> <span class='ocrx_word' id='word_1_15' title='bbox 569 419 732 498; x_wconf 87' lang='lat' dir='ltr'><strong>composito</strong></span> <span class='ocrx_word' id='word_1_16' title='bbox 760 429 865 481; x_wconf 89' lang='lat' dir='ltr'><strong>careat.</strong></span> <span class='ocrx_word' id='word_1_17' title='bbox 909 418 941 479; x_wconf 94' lang='lat' dir='ltr'><strong>iu</strong></span> <span class='ocrx_word' id='word_1_18' title='bbox 964 418 1085 481; x_wconf 84' lang='lat' dir='ltr'><strong>Octavia</strong></span> <span class='ocrx_word' id='word_1_19' title='bbox 1112 427 1264 483; x_wconf 77' lang='lat' dir='ltr'><strong>autem</strong></span> 
     </span>
     <span class='ocr_line' id='line_1_4' title="bbox 139 503 1264 584; baseline -0.003 -19"><span class='ocrx_word' id='word_1_20' title='bbox 139 504 236 565; x_wconf 91' lang='lat' dir='ltr'><strong>omnis</strong></span> <span class='ocrx_word' id='word_1_21' title='bbox 264 511 426 565; x_wconf 78' lang='lat' dir='ltr'><strong>metrorum</strong></span> <span class='ocrx_word' id='word_1_22' title='bbox 455 503 577 565; x_wconf 89' lang='lat' dir='ltr'><strong>varietas</strong></span> <span class='ocrx_word' id='word_1_23' title='bbox 606 503 746 565; x_wconf 89' lang='lat' dir='ltr'><strong>trimetris</strong></span> <span class='ocrx_word' id='word_1_24' title='bbox 779 513 809 565; x_wconf 92' lang='lat' dir='ltr'><strong>et</strong></span> <span class='ocrx_word' id='word_1_25' title='bbox 841 503 1009 584; x_wconf 77' lang='lat' dir='ltr'><strong>anapaestis</strong></span> <span class='ocrx_word' id='word_1_26' title='bbox 1037 503 1264 567; x_wconf 71' lang='lat' dir='ltr'><strong>absolvitur.</strong></span> 
     </span>
     <span class='ocr_line' id='line_1_5' title="bbox 139 587 1264 668; baseline 0 -17"><span class='ocrx_word' id='word_1_27' title='bbox 139 596 227 668; x_wconf 85' lang='lat' dir='ltr'><strong>atque</strong></span> <span class='ocrx_word' id='word_1_28' title='bbox 257 588 293 649; x_wconf 90' lang='lat' dir='ltr'><strong>de</strong></span> <span class='ocrx_word' id='word_1_29' title='bbox 323 589 494 667; x_wconf 78' lang='lat' dir='ltr'><strong>polymetris</strong></span> <span class='ocrx_word' id='word_1_30' title='bbox 522 588 586 649; x_wconf 87' lang='lat' dir='ltr'><strong>istis</strong></span> <span class='ocrx_word' id='word_1_31' title='bbox 612 588 793 649; x_wconf 78' lang='lat' dir='ltr'><strong>carminibus</strong></span> <span class='ocrx_word' id='word_1_32' title='bbox 815 588 892 650; x_wconf 85' lang='lat' dir='ltr'><strong>infra</strong></span> <span class='ocrx_word' id='word_1_33' title='bbox 914 587 1151 668; x_wconf 85' lang='lat' dir='ltr'><strong>disputabimus;</strong></span> <span class='ocrx_word' id='word_1_34' title='bbox 1178 590 1264 651; x_wconf 75' lang='lat' dir='ltr'><strong>im</strong></span> 
     </span>
     <span class='ocr_line' id='line_1_6' title="bbox 138 672 1265 753; baseline 0.001 -19"><span class='ocrx_word' id='word_1_35' title='bbox 138 672 302 753; x_wconf 79' lang='lat' dir='ltr'><strong>anapaestis</strong></span> <span class='ocrx_word' id='word_1_36' title='bbox 323 690 372 733; x_wconf 92' lang='lat' dir='ltr'><strong>res</strong></span> <span class='ocrx_word' id='word_1_37' title='bbox 394 673 587 733; x_wconf 84' lang='lat' dir='ltr'><strong>observantur</strong></span> <span class='ocrx_word' id='word_1_38' title='bbox 608 672 681 734; x_wconf 92' lang='lat' dir='ltr'><strong>duae</strong></span> <span class='ocrx_word' id='word_1_39' title='bbox 704 693 720 734; x_wconf 94' lang='lat' dir='ltr'><strong>a</strong></span> <span class='ocrx_word' id='word_1_40' title='bbox 742 673 872 735; x_wconf 89' lang='lat' dir='ltr'><strong>Senecae</strong></span> <span class='ocrx_word' id='word_1_41' title='bbox 892 673 1054 752; x_wconf 86' lang='lat' dir='ltr'><strong>tragoediis</strong></span> <span class='ocrx_word' id='word_1_42' title='bbox 1078 682 1265 735; x_wconf 74' lang='lat' dir='ltr'><strong>ceterum</strong></span> 
     </span>
     <span class='ocr_line' id='line_1_7' title="bbox 138 756 1266 837; baseline -0.004 -17"><span class='ocrx_word' id='word_1_43' title='bbox 138 756 267 820; x_wconf 89' lang='lat' dir='ltr'><strong>alienae:</strong></span> <span class='ocrx_word' id='word_1_44' title='bbox 300 775 426 836; x_wconf 88' lang='lat' dir='ltr'><strong>quarum</strong></span> <span class='ocrx_word' id='word_1_45' title='bbox 456 757 545 818; x_wconf 91' lang='lat' dir='ltr'><strong>altera</strong></span> <span class='ocrx_word' id='word_1_46' title='bbox 574 757 605 817; x_wconf 93' lang='lat' dir='ltr'><strong>in</strong></span> <span class='ocrx_word' id='word_1_47' title='bbox 631 757 711 818; x_wconf 92' lang='lat' dir='ltr'><strong>biatu</strong></span> <span class='ocrx_word' id='word_1_48' title='bbox 742 757 787 818; x_wconf 91' lang='lat' dir='ltr'><strong>vel</strong></span> <span class='ocrx_word' id='word_1_49' title='bbox 810 757 919 837; x_wconf 82' lang='lat' dir='ltr'><strong>syllaba</strong></span> <span class='ocrx_word' id='word_1_50' title='bbox 939 757 1064 837; x_wconf 89' lang='lat' dir='ltr'><strong>ancipiti</strong></span> <span class='ocrx_word' id='word_1_51' title='bbox 1086 757 1203 821; x_wconf 84' lang='lat' dir='ltr'><strong>liberiu</strong></span> <span class='ocrx_word' id='word_1_52' title='bbox 1222 772 1266 815; x_wconf 66' lang='lat' dir='ltr'>n</span> 
     </span>
     <span class='ocr_line' id='line_1_8' title="bbox 139 841 1267 920; baseline 0.002 -17"><span class='ocrx_word' id='word_1_53' title='bbox 139 841 273 904; x_wconf 88' lang='lat' dir='ltr'><strong>admissis</strong></span> <span class='ocrx_word' id='word_1_54' title='bbox 287 843 342 902; x_wconf 88' lang='lat' dir='ltr'><strong>sita</strong></span> <span class='ocrx_word' id='word_1_55' title='bbox 357 848 410 916; x_wconf 92' lang='lat' dir='ltr'><strong>est,</strong></span> <span class='ocrx_word' id='word_1_56' title='bbox 432 841 522 902; x_wconf 90' lang='lat' dir='ltr'><strong>altera</strong></span> <span class='ocrx_word' id='word_1_57' title='bbox 537 842 567 901; x_wconf 92' lang='lat' dir='ltr'><strong>in</strong></span> <span class='ocrx_word' id='word_1_58' title='bbox 584 841 717 903; x_wconf 90' lang='lat' dir='ltr'><strong>dimetris</strong></span> <span class='ocrx_word' id='word_1_59' title='bbox 731 841 983 920; x_wconf 90' lang='lat' dir='ltr'><strong>monometrisque</strong></span> <span class='ocrx_word' id='word_1_60' title='bbox 1003 841 1267 913; x_wconf 67' lang='lat' dir='ltr'><strong>discribendifls,</strong></span> 
     </span>
     <span class='ocr_line' id='line_1_9' title="bbox 139 926 1269 1007; baseline -0.002 -20"><span class='ocrx_word' id='word_1_61' title='bbox 139 945 215 1005; x_wconf 92' lang='lat' dir='ltr'><strong>quae</strong></span> <span class='ocrx_word' id='word_1_62' title='bbox 243 927 273 987; x_wconf 92' lang='lat' dir='ltr'><strong>in</strong></span> <span class='ocrx_word' id='word_1_63' title='bbox 304 945 364 987; x_wconf 91' lang='lat' dir='ltr'><strong>uuo</strong></span> <span class='ocrx_word' id='word_1_64' title='bbox 394 926 527 987; x_wconf 89' lang='lat' dir='ltr'><strong>etribus</strong></span> <span class='ocrx_word' id='word_1_65' title='bbox 549 927 670 986; x_wconf 89' lang='lat' dir='ltr'><strong>canticis</strong></span> <span class='ocrx_word' id='word_1_66' title='bbox 693 945 759 988; x_wconf 91' lang='lat' dir='ltr'><strong>sese</strong></span> <span class='ocrx_word' id='word_1_67' title='bbox 781 926 901 988; x_wconf 91' lang='lat' dir='ltr'><strong>alteruis</strong></span> <span class='ocrx_word' id='word_1_68' title='bbox 927 927 1090 1006; x_wconf 86' lang='lat' dir='ltr'><strong>excipiunt.</strong></span> <span class='ocrx_word' id='word_1_69' title='bbox 1136 942 1269 1007; x_wconf 61' lang='lat' dir='ltr'><strong>quaa</strong></span> 
     </span>
     <span class='ocr_line' id='line_1_10' title="bbox 138 1011 1271 1092; baseline -0.003 -20"><span class='ocrx_word' id='word_1_70' title='bbox 138 1011 242 1090; x_wconf 89' lang='lat' dir='ltr'><strong>utique</strong></span> <span class='ocrx_word' id='word_1_71' title='bbox 264 1011 423 1072; x_wconf 88' lang='lat' dir='ltr'><strong>coniuncte</strong></span> <span class='ocrx_word' id='word_1_72' title='bbox 445 1011 594 1071; x_wconf 90' lang='lat' dir='ltr'><strong>tractanda</strong></span> <span class='ocrx_word' id='word_1_73' title='bbox 616 1029 680 1071; x_wconf 89' lang='lat' dir='ltr'><strong>esse</strong></span> <span class='ocrx_word' id='word_1_74' title='bbox 708 1029 777 1071; x_wconf 81' lang='lat' dir='ltr'><strong>mou</strong></span> <span class='ocrx_word' id='word_1_75' title='bbox 801 1011 975 1073; x_wconf 89' lang='lat' dir='ltr'><strong>videbimus.</strong></span> <span class='ocrx_word' id='word_1_76' title='bbox 1018 1011 1232 1092; x_wconf 62' lang='lat' dir='ltr'><strong>disputarunt</strong></span> <span class='ocrx_word' id='word_1_77' title='bbox 1245 1016 1271 1069; x_wconf 70' lang='lat' dir='ltr'><strong>t</strong></span> 
     </span>
     <span class='ocr_line' id='line_1_11' title="bbox 139 1095 1271 1176; baseline 0.001 -18"><span class='ocrx_word' id='word_1_78' title='bbox 139 1103 237 1158; x_wconf 88' lang='lat' dir='ltr'><strong>autem</strong></span> <span class='ocrx_word' id='word_1_79' title='bbox 259 1095 295 1155; x_wconf 93' lang='lat' dir='ltr'><strong>de</strong></span> <span class='ocrx_word' id='word_1_80' title='bbox 318 1103 542 1174; x_wconf 88' lang='lat' dir='ltr'><strong>anapaestorum</strong></span> <span class='ocrx_word' id='word_1_81' title='bbox 564 1095 779 1174; x_wconf 80' lang='lat' dir='ltr'><strong>compositione</strong></span> <span class='ocrx_word' id='word_1_82' title='bbox 800 1095 834 1156; x_wconf 90' lang='grc' dir='ltr'><strong>Β.</strong></span> <span class='ocrx_word' id='word_1_83' title='bbox 857 1095 1038 1157; x_wconf 91' lang='lat' dir='ltr'><strong>Sobmidtius</strong></span> <span class='ocrx_word' id='word_1_84' title='bbox 1061 1114 1092 1175; x_wconf 91' lang='lat' dir='ltr'><strong>p.</strong></span> <span class='ocrx_word' id='word_1_85' title='bbox 1109 1097 1152 1159; x_wconf 82' lang='grc'><strong>59</strong></span> <span class='ocrx_word' id='word_1_86' title='bbox 1166 1111 1271 1176; x_wconf 67' lang='lat' dir='ltr'><strong>st.-</strong></span> 
     </span>
     <span class='ocr_line' id='line_1_12' title="bbox 139 1179 1274 1260; baseline 0 -20"><span class='ocrx_word' id='word_1_87' title='bbox 139 1189 170 1242; x_wconf 93' lang='lat' dir='ltr'><strong>et</strong></span> <span class='ocrx_word' id='word_1_88' title='bbox 182 1179 339 1240; x_wconf 82' lang='lat' dir='ltr'><strong>Richterus</strong></span> <span class='ocrx_word' id='word_1_89' title='bbox 360 1179 392 1239; x_wconf 94' lang='lat' dir='ltr'><strong>in</strong></span> <span class='ocrx_word' id='word_1_90' title='bbox 407 1179 590 1241; x_wconf 86' lang='lat' dir='ltr'><strong>Fleckeiseni</strong></span> <span class='ocrx_word' id='word_1_91' title='bbox 605 1179 760 1241; x_wconf 89' lang='lat' dir='ltr'><strong>annalibus</strong></span> <span class='ocrx_word' id='word_1_92' title='bbox 778 1182 858 1244; x_wconf 86' lang='grc'>1869</span> <span class='ocrx_word' id='word_1_93' title='bbox 878 1199 907 1259; x_wconf 89' lang='lat' dir='ltr'><strong>p.</strong></span> <span class='ocrx_word' id='word_1_94' title='bbox 925 1181 986 1245; x_wconf 85' lang='lat'><strong>780</strong></span> <span class='ocrx_word' id='word_1_95' title='bbox 1000 1198 1059 1259; x_wconf 67' lang='lat' dir='ltr'><strong>sq,</strong></span> <span class='ocrx_word' id='word_1_96' title='bbox 1081 1192 1274 1260; x_wconf 70' lang='lat' dir='ltr'><strong>quorum</strong></span> 
     </span>
     <span class='ocr_line' id='line_1_13' title="bbox 139 1258 1276 1342; baseline -0.001 -16"><span class='ocrx_word' id='word_1_97' title='bbox 139 1281 208 1327; x_wconf 94' lang='lat' dir='ltr'><strong>cum</strong></span> <span class='ocrx_word' id='word_1_98' title='bbox 236 1264 285 1324; x_wconf 89' lang='lat' dir='ltr'><strong>ille</strong></span> <span class='ocrx_word' id='word_1_99' title='bbox 314 1264 395 1324; x_wconf 90' lang='lat' dir='ltr'><strong>locos</strong></span> <span class='ocrx_word' id='word_1_100' title='bbox 424 1264 579 1342; x_wconf 80' lang='lat' dir='ltr'><strong>diligenter</strong></span> <span class='ocrx_word' id='word_1_101' title='bbox 607 1264 825 1342; x_wconf 83' lang='lat' dir='ltr'><strong>composuerit,</strong></span> <span class='ocrx_word' id='word_1_102' title='bbox 855 1265 990 1325; x_wconf 89' lang='lat' dir='ltr'><strong>relictum</strong></span> <span class='ocrx_word' id='word_1_103' title='bbox 1015 1273 1117 1327; x_wconf 90' lang='lat' dir='ltr'><strong>tamen</strong></span> <span class='ocrx_word' id='word_1_104' title='bbox 1139 1258 1276 1327; x_wconf 84' lang='lat' dir='ltr'><strong>mil-i</strong></span> 
     </span>
     <span class='ocr_line' id='line_1_14' title="bbox 140 1342 1277 1430; baseline -0.001 -18"><span class='ocrx_word' id='word_1_105' title='bbox 140 1350 292 1427; x_wconf 85' lang='lat' dir='ltr'><strong>negotium</strong></span> <span class='ocrx_word' id='word_1_106' title='bbox 314 1349 495 1410; x_wconf 84' lang='lat' dir='ltr'><strong>videohunc</strong></span> <span class='ocrx_word' id='word_1_107' title='bbox 517 1349 718 1427; x_wconf 89' lang='lat' dir='ltr'><strong>quaestionem</strong></span> <span class='ocrx_word' id='word_1_108' title='bbox 741 1364 776 1410; x_wconf 83' lang='lat' dir='ltr'><strong>ex</strong></span> <span class='ocrx_word' id='word_1_109' title='bbox 797 1350 913 1428; x_wconf 90' lang='lat' dir='ltr'><strong>integro</strong></span> <span class='ocrx_word' id='word_1_110' title='bbox 936 1350 1082 1411; x_wconf 83' lang='lat' dir='ltr'><strong>tractandi</strong></span> <span class='ocrx_word' id='word_1_111' title='bbox 1103 1357 1139 1412; x_wconf 90' lang='lat' dir='ltr'><strong>ut</strong></span> <span class='ocrx_word' id='word_1_112' title='bbox 1159 1342 1277 1430; x_wconf 75' lang='lat' dir='ltr'><strong>cli-i</strong></span> 
     </span>
     <span class='ocr_line' id='line_1_15' title="bbox 138 1432 1279 1512; baseline 0.003 -18"><span class='ocrx_word' id='word_1_113' title='bbox 138 1433 264 1496; x_wconf 89' lang='lat' dir='ltr'><strong>rectiora</strong></span> <span class='ocrx_word' id='word_1_114' title='bbox 285 1432 334 1493; x_wconf 94' lang='lat' dir='ltr'><strong>hic</strong></span> <span class='ocrx_word' id='word_1_115' title='bbox 356 1432 417 1493; x_wconf 92' lang='lat' dir='ltr'><strong>illio</strong></span> <span class='ocrx_word' id='word_1_116' title='bbox 438 1433 573 1512; x_wconf 91' lang='lat' dir='ltr'><strong>prolerre</strong></span> <span class='ocrx_word' id='word_1_117' title='bbox 595 1433 681 1494; x_wconf 92' lang='lat' dir='ltr'><strong>etde</strong></span> <span class='ocrx_word' id='word_1_118' title='bbox 703 1433 877 1512; x_wconf 90' lang='lat' dir='ltr'><strong>quibusdam</strong></span> <span class='ocrx_word' id='word_1_119' title='bbox 900 1452 936 1494; x_wconf 88' lang='lat' dir='ltr'><strong>ex</strong></span> <span class='ocrx_word' id='word_1_120' title='bbox 957 1432 1143 1497; x_wconf 87' lang='lat' dir='ltr'><strong>accuratiore</strong></span> <span class='ocrx_word' id='word_1_121' title='bbox 1160 1452 1245 1497; x_wconf 71' lang='lat' dir='ltr'><strong>oo·-</strong></span> <span class='ocrx_word' id='word_1_122' title='bbox 1264 1457 1279 1470; x_wconf 91' lang='lat'><strong>·</strong></span> 
     </span>
     <span class='ocr_line' id='line_1_16' title="bbox 139 1517 980 1596; baseline -0.001 -16"><span class='ocrx_word' id='word_1_123' title='bbox 139 1519 237 1580; x_wconf 90' lang='lat' dir='ltr'><strong>dicum</strong></span> <span class='ocrx_word' id='word_1_124' title='bbox 260 1517 363 1580; x_wconf 93' lang='lat' dir='ltr'><strong>notitia</strong></span> <span class='ocrx_word' id='word_1_125' title='bbox 386 1519 495 1579; x_wconf 90' lang='lat' dir='ltr'><strong>certius</strong></span> <span class='ocrx_word' id='word_1_126' title='bbox 517 1518 647 1579; x_wconf 90' lang='lat' dir='ltr'><strong>iudicare</strong></span> <span class='ocrx_word' id='word_1_127' title='bbox 669 1536 758 1596; x_wconf 92' lang='lat' dir='ltr'><strong>posse</strong></span> <span class='ocrx_word' id='word_1_128' title='bbox 781 1518 852 1580; x_wconf 93' lang='lat' dir='ltr'><strong>mibi</strong></span> <span class='ocrx_word' id='word_1_129' title='bbox 873 1517 980 1579; x_wconf 90' lang='lat' dir='ltr'><strong>videar.</strong></span> 
     </span>
    </p>
   </div>
   <div class='ocr_carea' id='block_1_3' title="bbox 136 1769 1288 3543">
    <p class='ocr_par' dir='ltr' id='par_1_3' title="bbox 138 1769 1288 2698">
     <span class='ocr_line' id='line_1_17' title="bbox 223 1769 1287 1852; baseline 0.003 -22"><span class='ocrx_word' id='word_1_130' title='bbox 223 1769 333 1833; x_wconf 87' lang='lat' dir='ltr'><strong>Notum</strong></span> <span class='ocrx_word' id='word_1_131' title='bbox 362 1777 406 1831; x_wconf 92' lang='lat' dir='ltr'><strong>est</strong></span> <span class='ocrx_word' id='word_1_132' title='bbox 433 1769 600 1832; x_wconf 85' lang='lat' dir='ltr'><strong>Rentleium</strong></span> <span class='ocrx_word' id='word_1_133' title='bbox 629 1771 814 1846; x_wconf 83' lang='lat' dir='ltr'><strong>observasse,</strong></span> <span class='ocrx_word' id='word_1_134' title='bbox 851 1770 1031 1832; x_wconf 88' lang='lat' dir='ltr'><strong>Graecorum</strong></span> <span class='ocrx_word' id='word_1_135' title='bbox 1064 1771 1125 1850; x_wconf 89' lang='lat' dir='ltr'><strong>legi</strong></span> <span class='ocrx_word' id='word_1_136' title='bbox 1154 1775 1287 1852; x_wconf 37' lang='lat' dir='ltr'><strong>qual</strong></span> 
     </span>
     <span class='ocr_line' id='line_1_18' title="bbox 138 1850 1287 1936; baseline 0.001 -20"><span class='ocrx_word' id='word_1_137' title='bbox 138 1856 288 1936; x_wconf 88' lang='lat' dir='ltr'><strong>anapaesti</strong></span> <span class='ocrx_word' id='word_1_138' title='bbox 310 1874 371 1916; x_wconf 91' lang='lat' dir='ltr'><strong>uuo</strong></span> <span class='ocrx_word' id='word_1_139' title='bbox 395 1862 499 1916; x_wconf 91' lang='lat' dir='ltr'><strong>tenore</strong></span> <span class='ocrx_word' id='word_1_140' title='bbox 521 1856 679 1917; x_wconf 88' lang='lat' dir='ltr'><strong>decurrant</strong></span> <span class='ocrx_word' id='word_1_141' title='bbox 700 1856 796 1917; x_wconf 90' lang='lat' dir='ltr'><strong>donec</strong></span> <span class='ocrx_word' id='word_1_142' title='bbox 816 1854 849 1917; x_wconf 95' lang='lat' dir='ltr'><strong>in</strong></span> <span class='ocrx_word' id='word_1_143' title='bbox 865 1855 1050 1934; x_wconf 89' lang='lat' dir='ltr'><strong>paroemiaoo</strong></span> <span class='ocrx_word' id='word_1_144' title='bbox 1065 1850 1287 1919; x_wconf 60' lang='lat' dir='ltr'><strong>comana,</strong></span> 
     </span>
     <span class='ocr_line' id='line_1_19' title="bbox 138 1939 1194 2020; baseline 0.001 -18"><span class='ocrx_word' id='word_1_145' title='bbox 138 1941 281 2002; x_wconf 87' lang='lat' dir='ltr'><strong>Senecam</strong></span> <span class='ocrx_word' id='word_1_146' title='bbox 302 1958 431 2019; x_wconf 89' lang='lat' dir='ltr'><strong>quoque,</strong></span> <span class='ocrx_word' id='word_1_147' title='bbox 455 1939 510 2002; x_wconf 91' lang='lat' dir='ltr'><strong>etsi</strong></span> <span class='ocrx_word' id='word_1_148' title='bbox 530 1940 748 2020; x_wconf 91' lang='lat' dir='ltr'><strong>paroemiacum</strong></span> <span class='ocrx_word' id='word_1_149' title='bbox 762 1939 950 2018; x_wconf 79' lang='lat' dir='ltr'><strong>ignoraverit,</strong></span> <span class='ocrx_word' id='word_1_150' title='bbox 972 1959 1005 2002; x_wconf 90' lang='lat' dir='ltr'><strong>se</strong></span> <span class='ocrx_word' id='word_1_151' title='bbox 1019 1940 1194 2003; x_wconf 86' lang='lat' dir='ltr'><strong>adstrinxiss</strong></span> 
     </span>
     <span class='ocr_line' id='line_1_20' title="bbox 139 2024 1287 2105; baseline 0.001 -19"><span class='ocrx_word' id='word_1_152' title='bbox 139 2044 237 2105; x_wconf 90' lang='lat' dir='ltr'><strong>neque</strong></span> <span class='ocrx_word' id='word_1_153' title='bbox 260 2025 411 2087; x_wconf 87' lang='lat' dir='ltr'><strong>admisisse</strong></span> <span class='ocrx_word' id='word_1_154' title='bbox 428 2025 568 2104; x_wconf 81' lang='lat' dir='ltr'><strong>syllabam</strong></span> <span class='ocrx_word' id='word_1_155' title='bbox 583 2024 740 2104; x_wconf 82' lang='lat' dir='ltr'><strong>ancipitem</strong></span> <span class='ocrx_word' id='word_1_156' title='bbox 754 2025 901 2087; x_wconf 89' lang='lat' dir='ltr'><strong>hiatumve</strong></span> <span class='ocrx_word' id='word_1_157' title='bbox 916 2033 983 2086; x_wconf 90' lang='lat' dir='ltr'><strong>ante</strong></span> <span class='ocrx_word' id='word_1_158' title='bbox 997 2025 1090 2087; x_wconf 84' lang='lat' dir='ltr'><strong>finem</strong></span> <span class='ocrx_word' id='word_1_159' title='bbox 1103 2044 1194 2089; x_wconf 86' lang='lat' dir='ltr'><strong>sensu</strong></span> <span class='ocrx_word' id='word_1_160' title='bbox 1262 2027 1287 2069; x_wconf 56' lang='lat'><strong>⁴⁵</strong></span> 
     </span>
     <span class='ocr_line' id='line_1_21' title="bbox 138 2108 1288 2186; baseline 0.003 -16"><span class='ocrx_word' id='word_1_161' title='bbox 138 2109 197 2171; x_wconf 90' lang='lat' dir='ltr'><strong>nisi</strong></span> <span class='ocrx_word' id='word_1_162' title='bbox 224 2109 382 2172; x_wconf 88' lang='lat' dir='ltr'><strong>rarissime.</strong></span> <span class='ocrx_word' id='word_1_163' title='bbox 427 2109 566 2170; x_wconf 90' lang='lat' dir='ltr'><strong>nimirum</strong></span> <span class='ocrx_word' id='word_1_164' title='bbox 595 2117 694 2170; x_wconf 78' lang='lat' dir='ltr'><strong>cutam</strong></span> <span class='ocrx_word' id='word_1_165' title='bbox 722 2108 786 2170; x_wconf 92' lang='lat' dir='ltr'><strong>eius</strong></span> <span class='ocrx_word' id='word_1_166' title='bbox 814 2109 966 2186; x_wconf 85' lang='lat' dir='ltr'><strong>licentiae,</strong></span> <span class='ocrx_word' id='word_1_167' title='bbox 996 2111 1022 2170; x_wconf 90' lang='lat' dir='ltr'><strong>si</strong></span> <span class='ocrx_word' id='word_1_168' title='bbox 1043 2119 1126 2173; x_wconf 88' lang='lat' dir='ltr'><strong>certa</strong></span> <span class='ocrx_word' id='word_1_169' title='bbox 1145 2120 1195 2173; x_wconf 82' lang='lat' dir='ltr'><strong>tan</strong></span> <span class='ocrx_word' id='word_1_170' title='bbox 1252 2126 1288 2157; x_wconf 78' lang='grc'><strong>-·</strong></span> 
     </span>
     <span class='ocr_line' id='line_1_22' title="bbox 138 2194 1286 2274; baseline 0 -17"><span class='ocrx_word' id='word_1_171' title='bbox 138 2204 201 2257; x_wconf 88' lang='lat' dir='ltr'><strong>tum</strong></span> <span class='ocrx_word' id='word_1_172' title='bbox 224 2210 424 2269; x_wconf 89' lang='lat' dir='ltr'><strong>numeramus,</strong></span> <span class='ocrx_word' id='word_1_173' title='bbox 447 2194 477 2253; x_wconf 90' lang='lat' dir='ltr'><strong>in</strong></span> <span class='ocrx_word' id='word_1_174' title='bbox 499 2202 612 2272; x_wconf 91' lang='lat' dir='ltr'><strong>septem</strong></span> <span class='ocrx_word' id='word_1_175' title='bbox 635 2194 785 2274; x_wconf 90' lang='lat' dir='ltr'><strong>prioribus</strong></span> <span class='ocrx_word' id='word_1_176' title='bbox 808 2194 915 2256; x_wconf 86' lang='lat' dir='ltr'><strong>fabulis</strong></span> <span class='ocrx_word' id='word_1_177' title='bbox 937 2195 1072 2273; x_wconf 79' lang='lat' dir='ltr'><strong>exempla</strong></span> <span class='ocrx_word' id='word_1_178' title='bbox 1091 2194 1286 2257; x_wconf 48' lang='lat' dir='ltr'><strong>circitozaer</strong></span> 
     </span>
     <span class='ocr_line' id='line_1_23' title="bbox 139 2277 1286 2355; baseline -0.001 -15"><span class='ocrx_word' id='word_1_179' title='bbox 139 2277 277 2350; x_wconf 88' lang='lat' dir='ltr'><strong>sedecim,</strong></span> <span class='ocrx_word' id='word_1_180' title='bbox 299 2278 330 2338; x_wconf 92' lang='lat' dir='ltr'><strong>in</strong></span> <span class='ocrx_word' id='word_1_181' title='bbox 354 2280 572 2355; x_wconf 79' lang='lat' dir='ltr'><strong>Agamemnone</strong></span> <span class='ocrx_word' id='word_1_182' title='bbox 593 2278 741 2353; x_wconf 84' lang='lat' dir='ltr'><strong>undecim,</strong></span> <span class='ocrx_word' id='word_1_183' title='bbox 763 2278 795 2339; x_wconf 93' lang='lat' dir='ltr'><strong>in</strong></span> <span class='ocrx_word' id='word_1_184' title='bbox 817 2279 944 2341; x_wconf 89' lang='lat' dir='ltr'><strong>Hercule</strong></span> <span class='ocrx_word' id='word_1_185' title='bbox 964 2280 1076 2341; x_wconf 88' lang='lat' dir='ltr'><strong>Oetaeo</strong></span> <span class='ocrx_word' id='word_1_186' title='bbox 1098 2279 1286 2341; x_wconf 50' lang='lat' dir='ltr'><strong>decent·</strong></span> 
     </span>
     <span class='ocr_line' id='line_1_24' title="bbox 138 2361 1284 2443; baseline 0.002 -20"><span class='ocrx_word' id='word_1_187' title='bbox 138 2363 171 2423; x_wconf 93' lang='lat' dir='ltr'><strong>in</strong></span> <span class='ocrx_word' id='word_1_188' title='bbox 195 2361 312 2422; x_wconf 89' lang='lat' dir='ltr'><strong>Octavia</strong></span> <span class='ocrx_word' id='word_1_189' title='bbox 340 2362 547 2440; x_wconf 90' lang='lat' dir='ltr'><strong>duodeviginti.</strong></span> <span class='ocrx_word' id='word_1_190' title='bbox 592 2364 628 2424; x_wconf 93' lang='lat' dir='ltr'><strong>ab</strong></span> <span class='ocrx_word' id='word_1_191' title='bbox 659 2363 796 2424; x_wconf 92' lang='lat' dir='ltr'><strong>omnibus</strong></span> <span class='ocrx_word' id='word_1_192' title='bbox 825 2382 893 2425; x_wconf 91' lang='lat' dir='ltr'><strong>vero</strong></span> <span class='ocrx_word' id='word_1_193' title='bbox 919 2372 1038 2443; x_wconf 87' lang='lat' dir='ltr'><strong>praeter</strong></span> <span class='ocrx_word' id='word_1_194' title='bbox 1060 2363 1284 2427; x_wconf 57' lang='lat' dir='ltr'><strong>Octaviae,l</strong></span> 
     </span>
     <span class='ocr_line' id='line_1_25' title="bbox 139 2447 1282 2526; baseline 0 -18"><span class='ocrx_word' id='word_1_195' title='bbox 139 2449 319 2526; x_wconf 78' lang='lat' dir='ltr'><strong>Agamemno</strong></span> <span class='ocrx_word' id='word_1_196' title='bbox 348 2447 459 2507; x_wconf 91' lang='lat' dir='ltr'><strong>recedit</strong></span> <span class='ocrx_word' id='word_1_197' title='bbox 486 2466 521 2507; x_wconf 91' lang='lat' dir='ltr'><strong>eo</strong></span> <span class='ocrx_word' id='word_1_198' title='bbox 547 2449 627 2526; x_wconf 90' lang='lat' dir='ltr'><strong>quod</strong></span> <span class='ocrx_word' id='word_1_199' title='bbox 649 2456 694 2509; x_wconf 90' lang='lat' dir='ltr'><strong>ter</strong></span> <span class='ocrx_word' id='word_1_200' title='bbox 715 2457 783 2510; x_wconf 91' lang='lat' dir='ltr'><strong>aute</strong></span> <span class='ocrx_word' id='word_1_201' title='bbox 804 2449 895 2511; x_wconf 88' lang='lat' dir='ltr'><strong>finem</strong></span> <span class='ocrx_word' id='word_1_202' title='bbox 916 2466 1022 2510; x_wconf 91' lang='lat' dir='ltr'><strong>sensus</strong></span> <span class='ocrx_word' id='word_1_203' title='bbox 1042 2447 1159 2511; x_wconf 90' lang='lat' dir='ltr'><strong>bialum</strong></span> <span class='ocrx_word' id='word_1_204' title='bbox 1179 2448 1282 2509; x_wconf 56' lang='lat' dir='ltr'><strong>ifll</strong></span> 
     </span>
     <span class='ocr_line' id='line_1_26' title="bbox 138 2529 1279 2613; baseline 0.002 -22"><span class='ocrx_word' id='word_1_205' title='bbox 138 2531 246 2610; x_wconf 79' lang='lat' dir='ltr'><strong>syllaba</strong></span> <span class='ocrx_word' id='word_1_206' title='bbox 275 2529 397 2610; x_wconf 89' lang='lat' dir='ltr'><strong>ancipiti</strong></span> <span class='ocrx_word' id='word_1_207' title='bbox 424 2531 562 2607; x_wconf 92' lang='lat' dir='ltr'><strong>admittit,</strong></span> <span class='ocrx_word' id='word_1_208' title='bbox 590 2533 620 2593; x_wconf 94' lang='lat' dir='ltr'><strong>id</strong></span> <span class='ocrx_word' id='word_1_209' title='bbox 649 2534 729 2612; x_wconf 92' lang='lat' dir='ltr'><strong>quod</strong></span> <span class='ocrx_word' id='word_1_210' title='bbox 758 2541 872 2594; x_wconf 90' lang='lat' dir='ltr'><strong>ceterae</strong></span> <span class='ocrx_word' id='word_1_211' title='bbox 894 2551 932 2594; x_wconf 91' lang='lat' dir='ltr'><strong>ne</strong></span> <span class='ocrx_word' id='word_1_212' title='bbox 954 2532 986 2593; x_wconf 95' lang='lat' dir='ltr'><strong>in</strong></span> <span class='ocrx_word' id='word_1_213' title='bbox 1007 2533 1069 2594; x_wconf 86' lang='lat' dir='ltr'><strong>line</strong></span> <span class='ocrx_word' id='word_1_214' title='bbox 1091 2533 1279 2613; x_wconf 56' lang='lat' dir='ltr'><strong>quiden]</strong></span> 
     </span>
     <span class='ocr_line' id='line_1_27' title="bbox 138 2615 939 2698; baseline 0.005 -22"><span class='ocrx_word' id='word_1_215' title='bbox 138 2615 301 2677; x_wconf 91' lang='lat' dir='ltr'><strong>sententiae</strong></span> <span class='ocrx_word' id='word_1_216' title='bbox 323 2616 379 2676; x_wconf 94' lang='lat' dir='ltr'><strong>sibi</strong></span> <span class='ocrx_word' id='word_1_217' title='bbox 402 2617 572 2677; x_wconf 90' lang='lat' dir='ltr'><strong>concedunt</strong></span> <span class='ocrx_word' id='word_1_218' title='bbox 589 2618 659 2695; x_wconf 78' lang='lat' dir='ltr'><strong>(Ag.</strong></span> <span class='ocrx_word' id='word_1_219' title='bbox 683 2619 734 2679; x_wconf 82' lang='lat'><strong>79.</strong></span> <span class='ocrx_word' id='word_1_220' title='bbox 758 2620 830 2680; x_wconf 84' lang='grc'><strong>646.</strong></span> <span class='ocrx_word' id='word_1_221' title='bbox 855 2619 939 2698; x_wconf 64' lang='lat'><strong>652),</strong></span> 
     </span>
    </p>

    <p class='ocr_par' dir='ltr' id='par_1_4' title="bbox 136 2699 1271 3543">
     <span class='ocr_line' id='line_1_28' title="bbox 224 2699 1271 2780; baseline 0.001 -20"><span class='ocrx_word' id='word_1_222' title='bbox 224 2700 356 2780; x_wconf 81' lang='lat' dir='ltr'><strong>exempla</strong></span> <span class='ocrx_word' id='word_1_223' title='bbox 383 2700 474 2778; x_wconf 88' lang='lat' dir='ltr'><strong>igitur</strong></span> <span class='ocrx_word' id='word_1_224' title='bbox 501 2700 622 2761; x_wconf 92' lang='lat' dir='ltr'><strong>violatae</strong></span> <span class='ocrx_word' id='word_1_225' title='bbox 650 2701 826 2780; x_wconf 84' lang='lat' dir='ltr'><strong>synaphiae,</strong></span> <span class='ocrx_word' id='word_1_226' title='bbox 854 2699 985 2779; x_wconf 91' lang='lat' dir='ltr'><strong>quamvis</strong></span> <span class='ocrx_word' id='word_1_227' title='bbox 1015 2717 1112 2780; x_wconf 88' lang='lat' dir='ltr'><strong>pauca</strong></span> <span class='ocrx_word' id='word_1_228' title='bbox 1140 2701 1271 2763; x_wconf 60' lang='lat' dir='ltr'><strong>sintza</strong></span> 
     </span>
     <span class='ocr_line' id='line_1_29' title="bbox 138 2784 1269 2847; baseline 0.002 -2"><span class='ocrx_word' id='word_1_229' title='bbox 138 2784 291 2845; x_wconf 83' lang='lat' dir='ltr'><strong>sufficiunt</strong></span> <span class='ocrx_word' id='word_1_230' title='bbox 314 2795 410 2845; x_wconf 87' lang='lat' dir='ltr'><strong>tamen</strong></span> <span class='ocrx_word' id='word_1_231' title='bbox 432 2785 467 2845; x_wconf 93' lang='lat' dir='ltr'><strong>ad</strong></span> <span class='ocrx_word' id='word_1_232' title='bbox 490 2786 752 2846; x_wconf 90' lang='lat' dir='ltr'><strong>demonstrandum</strong></span> <span class='ocrx_word' id='word_1_233' title='bbox 773 2804 835 2847; x_wconf 93' lang='lat' dir='ltr'><strong>non</strong></span> <span class='ocrx_word' id='word_1_234' title='bbox 849 2803 979 2847; x_wconf 90' lang='lat' dir='ltr'><strong>severam</strong></span> <span class='ocrx_word' id='word_1_235' title='bbox 994 2784 1051 2846; x_wconf 95' lang='lat' dir='ltr'><strong>sibi</strong></span> <span class='ocrx_word' id='word_1_236' title='bbox 1066 2784 1269 2847; x_wconf 62' lang='lat' dir='ltr'><strong>Senecavffl</strong></span> 
     </span>
     <span class='ocr_line' id='line_1_30' title="bbox 138 2869 1268 2949; baseline 0.004 -21"><span class='ocrx_word' id='word_1_237' title='bbox 138 2869 391 2929; x_wconf 89' lang='lat' dir='ltr'><strong>conectendorum</strong></span> <span class='ocrx_word' id='word_1_238' title='bbox 405 2879 630 2949; x_wconf 88' lang='lat' dir='ltr'><strong>anapaestorum</strong></span> <span class='ocrx_word' id='word_1_239' title='bbox 646 2888 780 2930; x_wconf 90' lang='lat' dir='ltr'><strong>normam</strong></span> <span class='ocrx_word' id='word_1_240' title='bbox 789 2870 954 2949; x_wconf 89' lang='lat' dir='ltr'><strong>scripsisse.</strong></span> <span class='ocrx_word' id='word_1_241' title='bbox 975 2887 1036 2948; x_wconf 88' lang='lat' dir='ltr'><strong>quo</strong></span> <span class='ocrx_word' id='word_1_242' title='bbox 1048 2869 1268 2931; x_wconf 65' lang='lat' dir='ltr'><strong>Muelleruss</strong></span> 
     </span>
     <span class='ocr_line' id='line_1_31' title="bbox 137 2953 1265 3034; baseline 0.002 -21"><span class='ocrx_word' id='word_1_243' title='bbox 137 2953 277 3014; x_wconf 88' lang='lat' dir='ltr'><strong>inductus</strong></span> <span class='ocrx_word' id='word_1_244' title='bbox 306 2961 366 3028; x_wconf 93' lang='lat' dir='ltr'><strong>est,</strong></span> <span class='ocrx_word' id='word_1_245' title='bbox 397 2962 429 3014; x_wconf 95' lang='lat' dir='ltr'><strong>ut</strong></span> <span class='ocrx_word' id='word_1_246' title='bbox 457 2955 568 3015; x_wconf 89' lang='lat' dir='ltr'><strong>cantica</strong></span> <span class='ocrx_word' id='word_1_247' title='bbox 590 2956 774 3034; x_wconf 89' lang='lat' dir='ltr'><strong>anapaestica</strong></span> <span class='ocrx_word' id='word_1_248' title='bbox 796 2955 867 3016; x_wconf 92' lang='lat' dir='ltr'><strong>solis</strong></span> <span class='ocrx_word' id='word_1_249' title='bbox 888 2954 1083 3015; x_wconf 87' lang='lat' dir='ltr'><strong>monometris</strong></span> <span class='ocrx_word' id='word_1_250' title='bbox 1104 2954 1265 3017; x_wconf 52' lang='lat' dir='ltr'><strong>discri‘</strong></span> 
     </span>
     <span class='ocr_line' id='line_1_32' title="bbox 137 3036 1264 3101; baseline 0.004 -3"><span class='ocrx_word' id='word_1_251' title='bbox 137 3036 235 3099; x_wconf 90' lang='lat' dir='ltr'><strong>benda</strong></span> <span class='ocrx_word' id='word_1_252' title='bbox 257 3055 322 3099; x_wconf 90' lang='lat' dir='ltr'><strong>esse</strong></span> <span class='ocrx_word' id='word_1_253' title='bbox 344 3045 487 3098; x_wconf 88' lang='lat' dir='ltr'><strong>censeret.</strong></span> <span class='ocrx_word' id='word_1_254' title='bbox 521 3038 597 3100; x_wconf 87' lang='lat' dir='ltr'><strong>banc</strong></span> <span class='ocrx_word' id='word_1_255' title='bbox 618 3056 688 3099; x_wconf 89' lang='lat' dir='ltr'><strong>vero</strong></span> <span class='ocrx_word' id='word_1_256' title='bbox 710 3057 772 3100; x_wconf 94' lang='lat' dir='ltr'><strong>uon</strong></span> <span class='ocrx_word' id='word_1_257' title='bbox 793 3040 939 3101; x_wconf 90' lang='lat' dir='ltr'><strong>minorem</strong></span> <span class='ocrx_word' id='word_1_258' title='bbox 962 3037 1098 3101; x_wconf 83' lang='lat' dir='ltr'><strong>existimo</strong></span> <span class='ocrx_word' id='word_1_259' title='bbox 1119 3039 1264 3101; x_wconf 49' lang='lat' dir='ltr'><strong>aulaf</strong></span> 
     </span>
     <span class='ocr_line' id='line_1_33' title="bbox 137 3122 1263 3203; baseline 0.002 -18"><span class='ocrx_word' id='word_1_260' title='bbox 137 3122 212 3186; x_wconf 91' lang='lat' dir='ltr'><strong>ciam</strong></span> <span class='ocrx_word' id='word_1_261' title='bbox 235 3141 299 3184; x_wconf 91' lang='lat' dir='ltr'><strong>esse</strong></span> <span class='ocrx_word' id='word_1_262' title='bbox 321 3141 409 3202; x_wconf 90' lang='lat' dir='ltr'><strong>quam</strong></span> <span class='ocrx_word' id='word_1_263' title='bbox 431 3141 488 3203; x_wconf 89' lang='lat' dir='ltr'><strong>qua</strong></span> <span class='ocrx_word' id='word_1_264' title='bbox 511 3123 662 3184; x_wconf 91' lang='lat' dir='ltr'><strong>novissimi</strong></span> <span class='ocrx_word' id='word_1_265' title='bbox 685 3123 811 3185; x_wconf 88' lang='lat' dir='ltr'><strong>editores</strong></span> <span class='ocrx_word' id='word_1_266' title='bbox 833 3125 970 3203; x_wconf 86' lang='lat' dir='ltr'><strong>strophas</strong></span> <span class='ocrx_word' id='word_1_267' title='bbox 998 3140 1069 3185; x_wconf 89' lang='lat' dir='ltr'><strong>suas</strong></span> <span class='ocrx_word' id='word_1_268' title='bbox 1097 3122 1263 3187; x_wconf 42' lang='lat' dir='ltr'><strong>conati*</strong></span> 
     </span>
     <span class='ocr_line' id='line_1_34' title="bbox 137 3204 1263 3288; baseline 0.002 -21"><span class='ocrx_word' id='word_1_269' title='bbox 137 3214 237 3270; x_wconf 85' lang='lat' dir='ltr'><strong>tuere:</strong></span> <span class='ocrx_word' id='word_1_270' title='bbox 275 3207 420 3288; x_wconf 89' lang='lat' dir='ltr'><strong>siquidem</strong></span> <span class='ocrx_word' id='word_1_271' title='bbox 449 3226 587 3269; x_wconf 89' lang='lat' dir='ltr'><strong>versuum</strong></span> <span class='ocrx_word' id='word_1_272' title='bbox 615 3208 768 3286; x_wconf 92' lang='lat' dir='ltr'><strong>dispositio</strong></span> <span class='ocrx_word' id='word_1_273' title='bbox 796 3207 960 3287; x_wconf 90' lang='lat' dir='ltr'><strong>antiquitus</strong></span> <span class='ocrx_word' id='word_1_274' title='bbox 985 3206 1092 3269; x_wconf 88' lang='lat' dir='ltr'><strong>tradita</strong></span> <span class='ocrx_word' id='word_1_275' title='bbox 1113 3216 1161 3269; x_wconf 86' lang='lat' dir='ltr'><strong>est</strong></span> <span class='ocrx_word' id='word_1_276' title='bbox 1181 3204 1263 3269; x_wconf 55' lang='lat' dir='ltr'><strong>el</strong></span> 
     </span>
     <span class='ocr_line' id='line_1_35' title="bbox 136 3292 1262 3373; baseline 0.001 -21"><span class='ocrx_word' id='word_1_277' title='bbox 136 3292 182 3353; x_wconf 92' lang='lat' dir='ltr'><strong>vel</strong></span> <span class='ocrx_word' id='word_1_278' title='bbox 197 3293 319 3355; x_wconf 90' lang='lat' dir='ltr'><strong>mirifica</strong></span> <span class='ocrx_word' id='word_1_279' title='bbox 334 3292 459 3373; x_wconf 90' lang='lat' dir='ltr'><strong>quadam</strong></span> <span class='ocrx_word' id='word_1_280' title='bbox 474 3292 629 3354; x_wconf 91' lang='lat' dir='ltr'><strong>tenacitate</strong></span> <span class='ocrx_word' id='word_1_281' title='bbox 644 3292 755 3370; x_wconf 90' lang='lat' dir='ltr'><strong>ubique</strong></span> <span class='ocrx_word' id='word_1_282' title='bbox 770 3310 786 3352; x_wconf 90' lang='lat' dir='ltr'><strong>a</strong></span> <span class='ocrx_word' id='word_1_283' title='bbox 804 3292 932 3353; x_wconf 87' lang='lat' dir='ltr'><strong>librariis</strong></span> <span class='ocrx_word' id='word_1_284' title='bbox 948 3298 1071 3353; x_wconf 86' lang='lat' dir='ltr'><strong>servata.</strong></span> <span class='ocrx_word' id='word_1_285' title='bbox 1101 3298 1262 3372; x_wconf 63' lang='lat' dir='ltr'><strong>nemp9</strong></span> 
     </span>
     <span class='ocr_line' id='line_1_36' title="bbox 136 3376 1253 3456; baseline 0.003 -20"><span class='ocrx_word' id='word_1_286' title='bbox 136 3376 297 3439; x_wconf 84' lang='lat' dir='ltr'><strong>Muellerus</strong></span> <span class='ocrx_word' id='word_1_287' title='bbox 319 3378 399 3439; x_wconf 94' lang='lat' dir='ltr'><strong>unde</strong></span> <span class='ocrx_word' id='word_1_288' title='bbox 422 3384 605 3456; x_wconf 89' lang='lat' dir='ltr'><strong>compertum</strong></span> <span class='ocrx_word' id='word_1_289' title='bbox 627 3376 742 3451; x_wconf 89' lang='lat' dir='ltr'><strong>babeat,</strong></span> <span class='ocrx_word' id='word_1_290' title='bbox 766 3377 847 3455; x_wconf 88' lang='lat' dir='ltr'><strong>quod</strong></span> <span class='ocrx_word' id='word_1_291' title='bbox 868 3376 1027 3438; x_wconf 89' lang='lat' dir='ltr'><strong>identidem</strong></span> <span class='ocrx_word' id='word_1_292' title='bbox 1049 3376 1253 3455; x_wconf 67' lang='lat' dir='ltr'><strong>praedicat-9</strong></span> 
     </span>
     <span class='ocr_line' id='line_1_37' title="bbox 137 3460 1254 3543; baseline 0.002 -24"><span class='ocrx_word' id='word_1_293' title='bbox 137 3477 276 3521; x_wconf 88' lang='lat' dir='ltr'><strong>versuum</strong></span> <span class='ocrx_word' id='word_1_294' title='bbox 305 3461 528 3543; x_wconf 89' lang='lat' dir='ltr'><strong>dispositionem</strong></span> <span class='ocrx_word' id='word_1_295' title='bbox 557 3461 589 3520; x_wconf 94' lang='lat' dir='ltr'><strong>in</strong></span> <span class='ocrx_word' id='word_1_296' title='bbox 612 3461 718 3541; x_wconf 92' lang='lat' dir='ltr'><strong>priscis</strong></span> <span class='ocrx_word' id='word_1_297' title='bbox 741 3479 815 3541; x_wconf 91' lang='lat' dir='ltr'><strong>quae</strong></span> <span class='ocrx_word' id='word_1_298' title='bbox 837 3461 911 3540; x_wconf 93' lang='lat' dir='ltr'><strong>ipsis</strong></span> <span class='ocrx_word' id='word_1_299' title='bbox 932 3460 1113 3540; x_wconf 88' lang='lat' dir='ltr'><strong>scriptorum</strong></span> <span class='ocrx_word' id='word_1_300' title='bbox 1133 3468 1254 3525; x_wconf 65' lang='lat' dir='ltr'><strong>temae</strong></span> 
     </span>
    </p>
   </div>
   <div class='ocr_carea' id='block_1_4' title="bbox 135 3543 1251 3963">
    <p class='ocr_par' dir='ltr' id='par_1_5' title="bbox 135 3543 1251 3963">
     <span class='ocr_line' id='line_1_38' title="bbox 136 3543 1251 3625; baseline 0.002 -21"><span class='ocrx_word' id='word_1_301' title='bbox 136 3543 260 3624; x_wconf 89' lang='lat' dir='ltr'><strong>poribus</strong></span> <span class='ocrx_word' id='word_1_302' title='bbox 281 3545 393 3608; x_wconf 87' lang='lat' dir='ltr'><strong>luerint</strong></span> <span class='ocrx_word' id='word_1_303' title='bbox 414 3545 630 3625; x_wconf 82' lang='lat' dir='ltr'><strong>exemplaribus</strong></span> <span class='ocrx_word' id='word_1_304' title='bbox 645 3546 756 3607; x_wconf 88' lang='lat' dir='ltr'><strong>nullam</strong></span> <span class='ocrx_word' id='word_1_305' title='bbox 772 3545 901 3608; x_wconf 79' lang='lat' dir='ltr'><strong>extitisse</strong></span> <span class='ocrx_word' id='word_1_306' title='bbox 917 3545 1035 3619; x_wconf 89' lang='lat' dir='ltr'><strong>nescio;</strong></span> <span class='ocrx_word' id='word_1_307' title='bbox 1057 3545 1122 3607; x_wconf 90' lang='lat' dir='ltr'><strong>scio</strong></span> <span class='ocrx_word' id='word_1_308' title='bbox 1137 3562 1251 3606; x_wconf 66' lang='lat' dir='ltr'><strong>con‘</strong></span> 
     </span>
     <span class='ocr_line' id='line_1_39' title="bbox 136 3628 1248 3710; baseline 0 -20"><span class='ocrx_word' id='word_1_309' title='bbox 136 3629 259 3690; x_wconf 89' lang='lat' dir='ltr'><strong>trarium</strong></span> <span class='ocrx_word' id='word_1_310' title='bbox 280 3647 382 3690; x_wconf 90' lang='lat' dir='ltr'><strong>verum</strong></span> <span class='ocrx_word' id='word_1_311' title='bbox 404 3649 478 3691; x_wconf 88' lang='lat' dir='ltr'><strong>esse.</strong></span> <span class='ocrx_word' id='word_1_312' title='bbox 515 3631 614 3708; x_wconf 87' lang='lat' dir='ltr'><strong>itaque</strong></span> <span class='ocrx_word' id='word_1_313' title='bbox 634 3630 666 3691; x_wconf 96' lang='lat' dir='ltr'><strong>in</strong></span> <span class='ocrx_word' id='word_1_314' title='bbox 688 3630 735 3691; x_wconf 88' lang='lat' dir='ltr'><strong>lris</strong></span> <span class='ocrx_word' id='word_1_315' title='bbox 758 3649 877 3710; x_wconf 92' lang='lat' dir='ltr'><strong>quoque</strong></span> <span class='ocrx_word' id='word_1_316' title='bbox 900 3628 1097 3705; x_wconf 89' lang='lat' dir='ltr'><strong>carminibus,</strong></span> <span class='ocrx_word' id='word_1_317' title='bbox 1123 3637 1158 3691; x_wconf 91' lang='lat' dir='ltr'><strong>ut</strong></span> <span class='ocrx_word' id='word_1_318' title='bbox 1177 3630 1248 3691; x_wconf 61' lang='lat' dir='ltr'><strong>ir}</strong></span> 
     </span>
     <span class='ocr_line' id='line_1_40' title="bbox 136 3712 1249 3794; baseline 0.001 -20"><span class='ocrx_word' id='word_1_319' title='bbox 136 3719 291 3794; x_wconf 88' lang='lat' dir='ltr'><strong>poetarum</strong></span> <span class='ocrx_word' id='word_1_320' title='bbox 312 3712 472 3774; x_wconf 91' lang='lat' dir='ltr'><strong>latinorum</strong></span> <span class='ocrx_word' id='word_1_321' title='bbox 500 3714 654 3790; x_wconf 90' lang='lat' dir='ltr'><strong>omnibus,</strong></span> <span class='ocrx_word' id='word_1_322' title='bbox 681 3714 733 3776; x_wconf 94' lang='lat' dir='ltr'><strong>ubi</strong></span> <span class='ocrx_word' id='word_1_323' title='bbox 762 3716 798 3775; x_wconf 90' lang='lat' dir='ltr'><strong>de</strong></span> <span class='ocrx_word' id='word_1_324' title='bbox 825 3715 898 3777; x_wconf 91' lang='lat' dir='ltr'><strong>colis</strong></span> <span class='ocrx_word' id='word_1_325' title='bbox 927 3714 1102 3776; x_wconf 90' lang='lat' dir='ltr'><strong>ordinandis</strong></span> <span class='ocrx_word' id='word_1_326' title='bbox 1122 3713 1249 3777; x_wconf 68' lang='lat' dir='ltr'><strong>dubi‘</strong></span> 
     </span>
     <span class='ocr_line' id='line_1_41' title="bbox 135 3797 1242 3879; baseline 0.002 -21"><span class='ocrx_word' id='word_1_327' title='bbox 135 3797 206 3858; x_wconf 91' lang='lat' dir='ltr'><strong>tatio</strong></span> <span class='ocrx_word' id='word_1_328' title='bbox 229 3797 323 3858; x_wconf 90' lang='lat' dir='ltr'><strong>oritur</strong></span> <span class='ocrx_word' id='word_1_329' title='bbox 344 3799 589 3879; x_wconf 86' lang='lat' dir='ltr'><strong>proficiscendum</strong></span> <span class='ocrx_word' id='word_1_330' title='bbox 612 3800 688 3862; x_wconf 92' lang='lat' dir='ltr'><strong>duco</strong></span> <span class='ocrx_word' id='word_1_331' title='bbox 710 3817 882 3861; x_wconf 90' lang='lat' dir='ltr'><strong>aversuum</strong></span> <span class='ocrx_word' id='word_1_332' title='bbox 899 3800 930 3862; x_wconf 95' lang='lat' dir='ltr'><strong>in</strong></span> <span class='ocrx_word' id='word_1_333' title='bbox 946 3799 1034 3862; x_wconf 93' lang='lat' dir='ltr'><strong>bonis</strong></span> <span class='ocrx_word' id='word_1_334' title='bbox 1056 3797 1242 3861; x_wconf 56' lang='lat' dir='ltr'><strong>codicibuff</strong></span> 
     </span>
     <span class='ocr_line' id='line_1_42' title="bbox 137 3881 337 3963; baseline 0 -19"><span class='ocrx_word' id='word_1_335' title='bbox 137 3881 337 3963; x_wconf 92' lang='lat' dir='ltr'><strong>discriptione.</strong></span> 
     </span>
    </p>
   </div>
   <div class='ocr_carea' id='block_1_5' title="bbox 0 0 1294 4366">
    <p class='ocr_par' dir='ltr' id='par_1_6' title="bbox 0 0 1294 4366">
     <span class='ocr_line' id='line_1_43' title="bbox 0 0 1294 4366; baseline 0 0"><span class='ocrx_word' id='word_1_336' title='bbox 0 0 1294 4366; x_wconf 95' lang='lat' dir='ltr'><strong> </strong></span> 
     </span>
    </p>
   </div>
  </div>
 </body>
</html>
