2602 4380
562 237 720 280 tumuere.

193 524 246 586 ΗΟ
270 525 330 589 380

312 618 345 669 ut
366 605 426 668 alta
447 607 534 668 siloas
555 607 653 684 forma
674 616 825 666 vernantes
844 604 926 667 ualet

312 711 381 772 quas
402 709 517 753 memore
538 691 615 752 audo
638 693 749 764 primus
771 693 885 751 investit
907 700 996 770 tepor,

310 788 340 838 at
361 795 426 838 aaut
447 775 553 838 solutos
575 773 685 855 impulit
706 774 813 835 Boreas
839 773 924 836 Notos

311 873 338 924 et
360 880 444 922 saeva
465 871 537 921 totas
560 860 663 920 bruma
686 859 803 920 decussit
829 877 931 934 comas,

313 946 441 1025 deforme
463 943 529 1007 solis
551 948 653 1024 aspicis
675 949 783 1005 truacis
805 963 923 1005 memus:

108 1037 123 1051 '
226 1032 288 1095 385
310 1033 350 1096 sic
370 1042 471 1092 uostra
492 1029 608 1108 loupum
629 1028 728 1107 forma
745 1046 919 1107 percurreres
940 1032 996 1089 iter

312 1116 437 1194 deperdit
458 1113 567 1194 aliquid
587 1131 697 1193 semper
718 1124 744 1173 et
764 1113 859 1192 sulpet
880 1117 977 1173 miuus

311 1218 361 1261 uec
383 1199 434 1260 illa
459 1197 552 1259 chus
573 1209 622 1258 est.
656 1197 791 1278 quidquid
812 1201 844 1257 iu
865 1196 946 1258 uobis
966 1197 1029 1276 luit

313 1283 380 1346 elim
399 1288 523 1363 petitum
544 1283 638 1343 cecidit
660 1293 687 1343 et
704 1293 794 1361 partu
815 1281 892 1343 labat

312 1380 456 1448 materque
477 1366 600 1428 multum
622 1370 720 1446 rapuit
741 1384 779 1426 eu
800 1366 850 1428 illo
871 1365 954 1440 milei,

227 1454 356 1516 390t
311 1465 388 1515 aetas
410 1457 493 1514 citato
517 1469 614 1512 serator
634 1455 746 1531 iurupit
766 1452 869 1530 produ.

108 1554 180 1614 haec
206 1552 358 1614 Deianirae
387 1553 474 1614 verba
503 1570 630 1631 qnorum
661 1551 838 1613 sententiam
867 1550 990 1631 praeivit
1019 1549 1181 1631 Sophocles

108 1638 213 1699 Trach
238 1641 298 1700 547

315 1713 381 1802 ὁρῶ
404 1715 465 1800 γὰρ
487 1712 569 1824 ἥβην
590 1712 650 1803 τήν
672 1717 731 1822 μὲν
756 1717 922 1821 ἐρπουσαν
945 1715 1075 1800 πρόσω,

311 1803 370 1910 τὴν
393 1803 428 1868 δὲ
451 1800 657 1908 tpdcrouaar·
681 1790 726 1866 alr
750 1795 960 1910 ἀφαρπάζειν
984 1803 1078 1905 φιλεῖ

312 1885 493 1992 ὀφθαλμὸς
515 1885 630 1966 ἄνθος,
654 1888 719 1952 τῶν
743 1881 819 1952 ὁΗ
802 1892 1002 1993 vmeacpa'rret
1024 1886 1127 1953 πόδα.

312 1966 407 2038 ταῦτ’
433 1972 490 2038 οὖν
514 1975 685 2058 φοβοῦμαι
705 1970 765 2080 μὴ
773 1971 875 2048 πόσις
899 1972 958 2054 μὲν
957 1968 1139 2074 Ἡρακλῆς

313 2057 390 2141 ἐμὸς
413 2056 560 2141 καλῆται,
584 2060 642 2143 τῆς
665 2055 825 2141 νεωτέρας
848 2051 924 2122 δ”
905 2055 996 2143 ανήρ,

109 2160 253 2239 descripsi
276 2169 308 2222 ut
329 2159 486 2238 aPeipero
510 2160 584 2221 edita
607 2168 686 2222 sunt.
724 2161 754 2222 in
778 2160 887 2240 quibus
909 2180 970 2222 non
988 2163 1088 2224 omnia
1103 2170 1181 2224 recte

109 2246 271 2324 procedere
292 2244 398 2324 partim
421 2243 517 2323 primo
541 2245 644 2307 obtutu
660 2245 808 2323 intellegis
823 2246 929 2325 partim
946 2247 1035 2308 certis
1050 2246 1181 2326 probabo

107 2329 235 2390 indiciis.
278 2329 455 2390 haesitamus
485 2329 581 2391 statim
610 2331 641 2391 in
670 2330 771 2392 initio.
802 2349 868 2392 nam
891 2350 958 2391 oum
982 2331 1076 2393 larma
1099 2331 1182 2393 silvas

107 2414 215 2475 habere
238 2422 318 2474 recte
340 2413 454 2474 dicatur
465 2416 496 2490 1),
519 2414 578 2476 alta
599 2416 698 2495 [orma
720 2417 842 2476 omnino
868 2415 925 2476 diui
949 2416 1069 2494 nequit3
1093 2434 1181 2495 quare

108 2499 167 2560 aliu
189 2498 224 2557 N.
247 2497 386 2558 Heinsius
408 2498 535 2577 scripsit,
563 2500 614 2578 qui
636 2499 748 2561 scilicet
770 2500 848 2578 quod
872 2500 947 2561 nihil
968 2501 1118 2577 significet
1137 2513 1179 2563 to·

108 2582 195 2644 lerari
217 2601 305 2662 posse
328 2582 459 2644 eredidit.
497 2585 625 2645 correxit
647 2603 762 2646 versum
778 2584 925 2646 Madricus
948 2585 1022 2663 (adv.
1047 2586 1084 2662 ll,
1112 2586 1182 2656 1⁹26)

107 2667 280 2728 scribendo:

312 2762 344 2812 ut
366 2751 441 2813 laeta
462 2751 550 2813 siluas
571 2753 670 2830 forma
691 2765 844 2815 vernantes
864 2753 956 2827 labet,

109 2855 166 2915 qua
189 2836 358 2897 coniectura
380 2837 533 2914 epitheton
559 2846 750 2916 recuperatur
777 2839 813 2899 ad
841 2837 1017 2899 sententiam
1047 2857 1182 2900 necessa-

108 2922 195 2981 rium.
239 2921 290 2982 sed
320 2920 448 2998 neglexit
469 2920 616 2982 Madvicns
646 2940 707 2983 non
736 2922 828 2983 levius
851 2932 1025 3001 corruptum
1049 2942 1116 2986 esse
1137 2942 1184 2984 se·

109 3016 247 3085 quentem
270 3023 404 3078 versum,
431 3023 490 3085 quo
513 3006 592 3085 quod
615 3006 703 3068 silvae
725 3008 866 3068 dicuntur
888 3025 1010 3068 nemore
1034 3008 1115 3069 nudo
1137 3009 1183 3069 in·

108 3090 206 3150 vestiri
221 3090 365 3151 absonum
381 3096 434 3151 est.
461 3091 645 3151 succurrisse
661 3091 778 3170 utrique
794 3093 891 3153 versui
907 3092 1040 3153 videatur
1055 3093 1182 3173 cuipiam

50 3244 54 3249 ,
107 3175 219 3236 amians
241 3192 326 3235 meus
347 3174 398 3252 qui
421 3173 540 3253 scripsit

308 3270 342 3321 ut
362 3258 422 3319 alta
442 3261 555 3336 formas
576 3258 650 3320 siloa
671 3271 822 3321 ommames
842 3259 932 3321 dabat.

314 3363 383 3425 quas
404 3362 519 3404 reamare
540 3345 616 3406 audo
635 3343 750 3424 primus
772 3349 885 3407 iuvestit
906 3355 995 3425 tepor.

110 3430 313 3438 ——w—

198 3477 216 3540 ¹)
235 3476 267 3528 cl
286 3475 347 3527 0ed.
366 3477 415 3528 460
440 3481 465 3525 et
488 3491 557 3526 noua
578 3478 709 3528 demersos
731 3478 816 3539 faciae
839 3479 924 3528 dedet.
961 3477 1055 3529 similia
1079 3479 1182 3530 Petron.

111 3546 167 3608 128,
186 3548 219 3596 34
237 3550 263 3594 et
285 3549 397 3594 meatem
422 3547 502 3593 timor
525 3543 596 3594 aliua
614 3545 699 3596 lauet.
735 3545 793 3598 llor.
811 3544 886 3613 epod.
907 3548 929 3609 1,
951 3549 1010 3598 1¹1
999 3562 1028 3595 m
1047 3552 1119 3596 matu
1136 3548 1184 3612 qui

107 3617 195 3662 maior
213 3614 327 3662 absentis
352 3612 438 3662 dabat.
474 3611 507 3661 ad
526 3611 577 3663 Pis.
595 3614 610 3665 8
634 3619 665 3664 ut
688 3629 737 3664 nee
754 3630 800 3679 pce
817 3629 866 3664 aaa
884 3620 966 3679 eaput
983 3617 1033 3663 uui
1049 3613 1182 3664 reddatur

106 3679 219 3740 formae.
247 3680 278 3731 ci.
295 3672 353 3730 Sen.
372 3679 446 3745 epist.
464 3681 519 3740 119,
541 3682 570 3731 12
588 3696 651 3732 nam
670 3681 741 3745 quod
759 3681 795 3732 ad
811 3682 872 3731 ilica
889 3684 1007 3747 pertinet
1023 3682 1100 3747 apud
1115 3697 1182 3748 quaa

106 3748 177 3808 laiso
196 3748 353 3797 devitiarum
363 3762 460 3797 reomau
472 3750 571 3797 inuasit
583 3755 714 3814 occupata
726 3755 883 3815 paupertas,
902 3751 942 3799 sic
956 3749 1066 3800 dicitius
1077 3751 1182 3814 dabant,

107 3815 238 3881 quomado
263 3816 360 3865 debere
383 3813 498 3864 dicimur
520 3814 635 3899 febrem,
659 3832 719 3867 aum
737 3817 785 3867 ella
803 3833 851 3867 aot
870 3818 973 3868 debeat.
1011 3788 1182 3868 econtrario,

107 3882 325 4001 ‘lipmpwlmlm
334 3877 429 3942 ‘fabris
447 3882 523 3932 ilium
543 3880 635 3936 tenet'.
662 3884 751 3935 eadam
769 3885 846 3936 modo
859 3886 1000 3937 dicendum
1012 3891 1052 3937 ast
1060 3882 1183 3937 ‘diuitiae

107 3966 118 4000 r
140 3965 185 4000 am
215 3965 280 4001 caen
