2580 4366
409 225 448 267 nn
468 224 630 267 ruscorum
652 224 822 266 sensorum.
1095 209 1155 270 149

105 377 238 436 evincunt:
269 382 338 437 ante
367 375 465 435 omnia
487 372 584 435 Ovidii
616 375 768 454 ingenium
797 376 962 438 rhetoricae
988 375 1155 456 antiquam

105 461 267 540 aptissimum
290 477 385 538 eaque
407 460 573 534 excultum3
602 478 662 538 quo
685 461 844 540 praecipue
866 469 1001 541 spectant
1023 479 1097 539 quae
1119 461 1155 522 de

106 544 139 605 illo
157 546 267 608 Seneca
291 553 375 624 pater
396 544 555 605 memoriae
580 545 711 620 tradidit;
743 545 849 607 deinde
871 545 1043 617 Quintiliani
1073 545 1154 606 testi-

106 630 215 691 nonium
244 646 305 709 qno
335 628 478 689 docemur
506 630 592 690 etiarn
621 629 652 690 in
681 631 829 709 tragoedia
850 631 934 691 illum
957 630 1077 708 ingenio
1100 649 1154 692 suo

106 713 236 793 indulgere
264 732 353 794 quam
383 720 547 793 temperare
575 714 713 776 maluisse
724 717 764 790 ²);
795 715 923 795 denique
949 714 1074 777 lrustula
1096 715 1155 776 duo

107 816 162 876 quae
181 800 282 878 iniqua
305 797 392 860 nobis
414 798 532 860 fortuna
556 818 591 860 ex
613 799 692 860 illius
713 800 814 861 Medea
837 801 1012 880 reliquit-
1030 799 1156 861 libenter

108 883 165 944 edm
186 882 280 945 Ovidii
303 883 404 945 Medea
427 901 531 945 novem
555 884 685 945 Senecae
707 885 872 962 tragoedias
894 886 1088 947 venderemus
1103 918 1155 959 -,

109 986 162 1045 quae
189 975 285 1030 tamen
309 967 465 1030 sufficiunt
487 977 521 1028 nt
542 976 572 1029 et
593 968 711 1030 lledeae
737 987 835 1030 mores
857 969 941 1031 illum
963 969 1047 1031 aliter
1068 987 1155 1047 quam

110 1050 255 1133 Euripidem
286 1061 426 1114 tractasse
455 1060 484 1114 et
505 1052 657 1115 rhetorum
680 1072 762 1114 more
784 1054 915 1115 locutum
943 1073 1007 1115 esse
1029 1072 1156 1133 cognos-

111 1152 194 1200 camus.
237 1138 274 1199 de
297 1139 410 1199 Seneca
438 1155 498 1199 non
522 1138 641 1217 probari
664 1139 757 1216 magis
780 1139 866 1200 dehet
888 1157 936 1200 res
959 1158 1046 1218 quam
1069 1139 1156 1200 intel·

111 1219 159 1299 legi.
189 1230 286 1284 tanmn
308 1222 344 1282 ad
367 1220 549 1300 probandam
572 1241 692 1302 quoque
715 1242 791 1302 quae
812 1225 960 1286 sufficiant
981 1224 1155 1285 adieramus.

174 1326 231 1370 non
254 1307 401 1368 immerito
424 1306 479 1368 dici
503 1315 601 1386 potest
623 1307 658 1368 ad
682 1307 792 1370 nullam
815 1310 877 1371 lere
900 1309 1085 1387 antiquarum
1109 1309 1157 1369 lit-

113 1399 213 1453 teumm
243 1400 366 1453 aetatem
395 1391 609 1454 inlustrandam
638 1392 740 1454 utilius
769 1393 971 1455 adiumentum
998 1402 1157 1473 suppetere

112 1490 184 1551 quan,
206 1495 266 1555 quo
281 1476 316 1537 ad
333 1476 462 1556 primum
477 1496 507 1556 p.
524 1477 592 1538 Chr.
608 1478 757 1539 saeculnm
774 1478 895 1551 utimur,
919 1479 1049 1540 Senecae
1064 1477 1157 1557 patris

113 1574 175 1636 o.pus
223 1562 405 1623 differentiae
426 1561 587 1640 Vergilium
618 1580 651 1623 ac
679 1561 828 1624 Tibullum
857 1563 935 1625 inter
964 1571 992 1623 ct
1022 1563 1157 1625 Ovidium

112 1640 309 1722 intercedentis,
347 1664 435 1724 quam
465 1665 552 1709 nemo
583 1665 642 1707 non
671 1649 775 1724 sentit,
810 1666 913 1709 causas
942 1648 1158 1709 controversiae

112 1725 202 1792 denum
229 1731 381 1793 suasoriae
410 1739 439 1792 et
466 1730 617 1792 iudiciales
646 1732 780 1810 aperient
805 1733 841 1793 de
863 1731 973 1811 quihus
995 1733 1157 1793 sententias

112 1810 244 1877 ditisiones
266 1826 296 1877 et
317 1815 432 1877 colores
454 1816 566 1877 Seneca
589 1817 716 1896 posteris
744 1816 879 1878 tradidit.
909 1815 967 1877 illis
989 1817 1068 1877 enirn
1091 1818 1158 1878 rhe-

111 1899 206 1962 toricam
228 1900 355 1962 famulae
377 1909 406 1962 et
422 1901 575 1963 ministrae
597 1900 662 1962 loco
678 1901 779 1973 luisse,
803 1901 877 1962 his
870 1918 1016 1980 imperare
1032 1919 1158 1980 cognos-

111 1980 189 2046 tinus.
233 1986 285 2065 qni
313 1984 387 2046 Livii
418 1986 538 2046 annales
567 2004 633 2046 cum
664 1986 793 2047 Sallustii
823 1986 921 2060 libris,
951 1987 1080 2047 Senecae
1107 1985 1159 2047 tilii

111 2069 194 2150 scripu
208 2069 356 2152 pedestria
371 2088 438 2131 curn
456 2070 598 2131 Cicerone
613 2089 784 2151 comparare
798 2071 877 2133 volet
891 2071 926 2132 ab
944 2071 1046 2132 eodem
1062 2072 1158 2133 lucem

110 2153 293 2235 rutpreth
316 2154 473 2233 tragoediis
495 2155 586 2216 tilium
611 2174 678 2218 cum
701 2165 784 2235 patre
804 2157 902 2235 ipsum
918 2155 1054 2218 conterre
1070 2155 1158 2218 debe·

110 2231 192 2316 binus,
216 2250 250 2301 nt
271 2239 475 2319 intellegamus
497 2259 553 2301 nec
575 2241 708 2318 potuisse
730 2260 910 2321 quemquam
933 2242 988 2302 hac
1004 2241 1158 2320 disciplina

109 2326 218 2403 aprina
241 2331 334 2386 aetate
355 2325 532 2387 instructum
551 2324 582 2386 in
599 2325 717 2386 Graecis
733 2326 923 2406 adquiescere
938 2325 1005 2387 vel
998 2345 1029 2386 in
1045 2326 1158 2388 Horatii

109 2400 217 2486 legibus,
241 2428 315 2489 quas
344 2409 455 2472 seilicet
477 2409 626 2473 Seneca
618 2430 649 2471 in
672 2411 839 2490 tragoediis
852 2410 946 2490 palam
970 2411 1158 2492 contempsit,

109 2506 163 2569 nec,
188 2496 212 2557 si
242 2495 405 2572 tragoedias
433 2494 591 2570 scriberet,
623 2494 693 2556 alias
723 2496 853 2558 scrihere
882 2496 1025 2575 potuisse.
1070 2506 1158 2576 atque

109 2572 227 2642 Senecam
256 2579 361 2641 studiis
389 2581 545 2643 rhetoricis
575 2598 663 2660 quam
690 2581 814 2642 maxime
844 2581 990 2642 imbutum
1016 2580 1107 2643 luisse
1130 2589 1159 2642 et

109 2671 189 2726 natura
218 2684 272 2726 sua
302 2683 362 2726 non
385 2665 484 2726 minus
506 2683 594 2745 quam
618 2665 753 2727 Ovidium
776 2667 811 2727 ad
835 2684 867 2726 ea
891 2665 1050 2746 praecipue
1073 2665 1159 2728 incli-

110 2760 174 2811 nasse
193 2759 223 2813 et
248 2756 333 2831 pater
359 2749 446 2812 tidem
475 2751 543 2811 lacit
572 2759 601 2812 et
624 2750 767 2830 quidquid
791 2750 925 2831 scripsit;
957 2758 988 2811 ut
1014 2750 1065 2829 qui
1087 2749 1159 2812 sub·

109 2825 160 2895 inte
182 2842 243 2897 tota
272 2834 366 2915 capita
388 2834 494 2897 libellis
516 2835 579 2897 suis
601 2854 662 2896 non
685 2836 742 2896 alio
765 2835 889 2897 consilio
912 2835 1023 2897 inserat
1045 2835 1103 2898 nisi
1125 2844 1160 2898 ut

110 2929 131 2975 ¹l
146 2918 239 2983 colore
261 2919 416 3000 splendido
437 2921 506 2981 tlnis
520 2921 578 2983 hat.
616 2929 644 2981 at
659 2919 695 2981 de
709 2920 868 2999 tragoediis
884 2939 941 3017 qua
956 2920 1071 2983 ratione
1086 2920 1159 2981 illud

111 2995 268 3068 intellectum
290 3003 376 3067 velim
400 3023 461 3067 uno
483 3004 586 3066 saltem
609 3006 744 3103 exemplo
766 3006 801 3066 ad
826 3013 889 3067 orat
890 3006 988 3066 ionem
1005 3023 1039 3067 ac
1059 3004 1159 3066 stilum

111 3089 256 3163 lettinente
278 3098 346 3151 ante
368 3089 470 3151 oeulos
491 3108 603 3169 ponere
626 3090 718 3151 satius
744 3090 946 3151 erit..

175 3194 233 3237 non
263 3180 331 3237 ‘raro
359 3192 395 3236 eo
424 3174 527 3236 colore
552 3176 688 3236 rhetores
717 3183 842 3237 utuntur
868 3183 901 3236 ut
931 3174 967 3235 ad
996 3171 1158 3251 augendam

113 3252 153 3316 ll'h
170 3258 331 3339 argumenti
354 3277 417 3321 rem
438 3278 525 3338 quam
541 3259 630 3322 semel
647 3260 780 3322 evenisse
794 3268 896 3321 netum
913 3259 960 3331 sit,
984 3258 1022 3319 ita
1038 3265 1160 3335 tangant

114 3344 176 3414 toni
194 3345 295 3407 endem
314 3363 404 3443 saepe
426 3352 455 3406 et
479 3345 551 3406 adeo
573 3363 689 3425 semper
711 3345 741 3406 in
765 3344 853 3406 simili
876 3343 1030 3404 occasione
1053 3360 1159 3404 evene·

116 3421 149 3487 n't
183 3430 224 3491 sie
239 3430 354 3491 iuvenis
375 3431 427 3510 qui
450 3447 516 3491 cnm
540 3436 677 3510 patruum
694 3429 786 3509 patris
800 3427 953 3490 inimicum
970 3427 1092 3491 aluisset
1106 3426 1158 3488 ah·

118 3502 203 3575 litatus
224 3533 239 3576 a
261 3522 344 3596 patre
365 3515 433 3576 dein
449 3534 465 3576 a
483 3523 589 3595 patruo
604 3515 759 3596 adoptatus
774 3523 886 3594 patrem
903 3513 1022 3593 inopem
1038 3513 1160 3586 aluerat,

119 3587 199 3659 ilerum
220 3599 398 3663 abdicandus
419 3600 506 3660 hoc
498 3619 529 3661 ur
552 3618 660 3662 norum
683 3608 795 3680 patrem
819 3598 918 3659 colore
941 3598 1048 3660 utitur.
1072 3616 1160 3697 puae-

114 3678 167 3739 title
182 3683 828 3766 mosammtpudeotetampontrl,
859 3685 989 3761 1,17);
1019 3683 1158 3745 nimirum

122 3768 207 3834 lllmm
227 3768 299 3846 alni,
322 3777 355 3832 nt
376 3769 446 3830 olim
467 3781 558 3833 temet
578 3771 687 3849 ipsum.
732 3770 775 3832 sic
796 3768 826 3832 in
850 3767 990 3831 Murredii
1014 3766 1160 3830 sententia

61 3856 63 3865 .
123 3874 290 3900 5—-

186 3944 202 4008 ²l
217 3951 239 4002 it
257 3952 323 4020 qnod
342 3967 393 4005 non
411 3958 480 4006 recte
498 3953 634 4022 explicavit
651 3951 800 4004 Welclterus
818 3956 848 4003 tr.
866 3967 903 4021 gr.
921 3968 947 4020 p.
968 3954 1043 4005 tras.
