2602 4380
161 189 223 253 224
617 202 775 245 annuere.
844 263 848 270 ἡ

160 359 252 422 ricem
275 364 356 419 tenet
377 354 414 416 ita
438 353 523 415 utin
546 353 667 434 apndosi
689 353 823 415 futurum
844 360 963 433 tempus
993 359 1149 432 sequatur:
1181 350 1234 412 Se·

161 461 233 506 neca
256 441 410 505 11001138
432 442 543 518 airpo'nr'
559 439 671 520 placeat
690 441 788 520 pudor
798 450 935 520 paterque
946 438 1074 519 placeat:
1096 447 1155 499 tota
1170 454 1236 498 arom

160 527 277 598 ducibus
298 537 362 589 raet
384 523 502 604 Pelaepa
525 524 614 586 tellam⁸
656 523 764 586 Phaed.
789 527 850 589 478
873 522 1004 585 molidene
1025 527 1116 585 vitam
1133 522 1235 602 prodet

160 612 266 676 sterilis
287 615 438 674 inemtas:
466 609 516 671 leae
537 613 607 682 erit,
631 610 767 690 quidquid
787 610 878 681 uideo,
908 612 997 670 reniae
1018 612 1083 670 aeni
1103 606 1188 670 turba
1210 617 1236 669 et

162 702 193 759 in
214 708 300 760 mmet
321 707 394 759 meet.
425 695 496 757 Stat.
512 693 577 770 Xll,
592 696 654 758 342
671 698 783 756 alaeam
798 694 934 770 uolucres,
957 698 994 756 sit
1009 694 1090 755 adire
1100 703 1235 773 potestas,

162 782 364 862 eaeladampae
384 782 475 860 seras.
511 777 563 840 Or.
580 797 651 840 rem.
668 781 729 844 743
749 780 851 860 perdat
873 797 938 860 opes
961 778 1108 841 Phaedra.-
1126 795 1236 858 parces,

163 867 306 948 Neptune,
329 869 434 946 crepam
478 863 528 925 lib.
552 883 620 925 nnc.
644 866 681 927 31
707 866 808 927 audiat
828 863 879 926 looc
901 883 1029 927 caraem:
1051 863 1134 926 bacae
1155 866 1236 926 auore

163 953 281 1025 aetalia
304 953 403 1014 aaudiat
424 950 475 1012 looe
494 949 582 1029 ficas:
604 953 689 1029 stapes
711 954 808 1011 a'naao's
830 954 894 1012 erit.
924 958 954 1012 et
975 948 1074 1030 paullo
1097 947 1236 1010 audacius

162 1045 196 1098 ut
227 1055 287 1098 non
317 1037 451 1097 futurum
479 1043 597 1114 tempus
625 1043 775 1115 spectetur
797 1035 862 1098 last.
886 1034 937 1110 vl,
965 1036 1024 1098 113
1046 1033 1237 1114 barioaliqur's

163 1126 298 1184 iuuenum
315 1122 433 1183 dimissor
448 1123 577 1182 amantia
591 1119 687 1191 uerba,
701 1120 832 1183 reddebat
847 1119 916 1182 tales
927 1123 1063 1201 protinus
1078 1118 1129 1180 illa
1143 1136 1235 1182 sonos.

163 1207 215 1268 Sil.
231 1205 319 1281 XVll‚
335 1207 396 1270 317
419 1206 613 1267 horrescamne
635 1210 720 1286 apros,
743 1209 861 1268 veniant
882 1207 920 1267 ad
937 1204 1060 1285 proelia,
1083 1201 1187 1266 divae?

248 1290 301 1352 ΗΟ
317 1293 380 1354 452
396 1309 441 1370 sq.
464 1301 554 1352 artem
578 1291 718 1369 magicam
738 1291 838 1353 nutrix
851 1291 985 1371 professa
1000 1290 1101 1351 solitas
1113 1288 1237 1350 virtutes

163 1385 309 1439 recenset.
353 1377 432 1438 inter
454 1375 517 1437 illas
540 1393 565 1437 v.
590 1376 651 1439 459

367 1461 485 1523 umbrae
507 1464 621 1524 stetistis
643 1470 668 1523 et
689 1480 753 1523 mea
774 1464 847 1523 iusso·
863 1479 946 1542 prece

366 1565 464 1608 mareas
486 1545 628 1618 loouatur,
650 1550 746 1609 sonuit
769 1548 1012 1626 intercurrante.

166 1630 285 1694 Cerberi
308 1630 418 1692 turbidi
441 1648 559 1711 semper
581 1639 610 1692 et
631 1630 764 1693 latrantis
782 1650 883 1694 vocem
898 1631 1041 1694 excitasse
1055 1648 1116 1692 non
1132 1647 1237 1708 magna

164 1735 212 1778 res
235 1724 294 1778 est:
318 1715 448 1778 mulcere
470 1716 543 1779 iram
565 1715 648 1777 labor
670 1716 798 1779 Hercule
820 1717 944 1796 dignns;
972 1717 1015 1778 sic
1038 1733 1106 1795 saga
1129 1713 1238 1776 Tibulli

164 1800 194 1874 1,
218 1803 255 1878 2,
278 1803 315 1864 51
340 1799 402 1863 sola
431 1811 524 1863 tenere
551 1801 642 1864 malas
664 1801 779 1864 Medeae
809 1803 914 1864 diadar
934 1801 1049 1874 herbae,
1077 1801 1138 1862 sola
1160 1800 1238 1879 seros

164 1885 286 1949 Hecatae
302 1887 498 1966 perdomuisse
519 1906 609 1949 aaaes.
655 1905 715 1949 non
737 1887 886 1950 miramur>
901 1887 992 1966 igitur
1013 1886 1093 1966 quad
1115 1883 1237 1947 verbum

165 1972 201 2032 ab
229 1971 441 2050 interpolatore
469 1973 623 2035 inventurn
652 1991 717 2034 esse
739 1972 884 2034 Etruscus
914 1973 1000 2034 dccet
1027 1971 1077 2052 qui
1099 1970 1236 2051 praebet:

163 2060 245 2118 uouit
266 2057 402 2136 infamius
423 2061 510 2119 cante.
554 2057 744 2121 scribendum
772 2066 869 2120 autem
897 2057 1121 2133 emendatione,
1151 2073 1238 2136 quarn

165 2141 331 2203 facillimam
355 2159 419 2202 esse
441 2141 594 2221 intelleget
615 2142 666 2221 qui
688 2143 723 2204 ad
746 2142 909 2205 litterarum
937 2143 1044 2206 ductus
1066 2141 1237 2204 attenderit:

368 2245 465 2288 manee
487 2226 630 2304 locuntur,
653 2232 756 2292 tacui
761 2240 773 2291 t
794 2229 929 2308 infernus
950 2232 1038 2291 aaae‘s.

250 2393 422 2473 Tragemata
450 2396 522 2457 haec
544 2406 649 2471 sunta,
679 2416 741 2458 nan
765 2417 847 2460 cena.
891 2399 970 2478 quod
997 2399 1022 2460 si
1050 2398 1097 2459 cui
1123 2396 1240 2477 priores

165 2478 313 2560 placuere,
337 2498 398 2540 nnn
422 2481 515 2542 esurit
536 2483 681 2544 secundas
703 2502 837 2559 mensas;
864 2484 910 2546 sin
933 2484 1048 2558 minus,
1078 2482 1144 2561 quis
1167 2483 1240 2543 lerat

165 2564 312 2644 hospitem
330 2560 541 2645 ‘subligentem
563 2568 774 2647 quodcumque
788 2568 864 2631 iacet
877 2565 1012 2631 inutile’?
1036 2569 1134 2645 itaque
1149 2566 1240 2628 relin-

166 2667 291 2745 quamus
306 2650 416 2729 aliquid
435 2652 538 2713 maiori
554 2669 644 2715 cenae
660 2654 694 2716 ad
712 2672 800 2735 quam
816 2654 956 2734 perendie
971 2663 1090 2716 vocatos
1105 2652 1240 2715 volumus

167 2743 332 2814 cupientes.
