2580 4366
143 197 183 259 52
524 213 552 254 n.
576 211 680 255 anuum
702 211 829 255 sunnone

143 375 171 426 et
194 382 259 425 cara
282 362 402 424 Phoebo
426 362 514 437 Cilla3
560 362 630 442 quid
654 381 727 442 quas
749 361 832 423 alluit

141 449 240 509 vernis
264 448 374 527 Caycus
397 448 544 527 gurgitem
567 447 702 509 attollens
725 445 831 526 aquis‘l

142 535 215 595 haec
236 543 316 595 tanta
339 532 436 595 clades
458 532 591 611 gentium
613 551 647 593 ac
668 540 768 594 tantus
790 551 890 612 pavor,

141 637 260 698 sparsae
282 624 326 679 tot
348 617 437 679 urbes
459 617 587 679 turbinis
609 617 681 678 vasti
702 617 792 679 modo

142 703 263 765 alterius
285 711 362 764 esset
384 702 475 781 gloria
498 721 532 764 ac
554 721 701 765 summum
725 702 829 765 decus:

142 789 199 849 iter
222 796 266 848 est
287 786 425 862 Achillis;
449 788 492 848 sic
514 806 599 849 meus
620 787 698 850 veuit
720 797 804 867 pater

143 881 172 934 et
194 880 273 934 tanta
296 871 386 950 gessit
407 872 492 948 bella,
516 871 586 933 dum
610 872 718 934 bellum
742 880 833 952 parat.

143 965 176 1019 ut
198 958 253 1019 alia
275 958 375 1018 sileam
398 957 511 1031 merita,
535 976 596 1018 non
620 976 698 1017 unus
721 958 791 1019 satis

142 1042 252 1104 Hector
269 1037 399 1103 ¹luisset‘l
443 1041 528 1102 Ilium
552 1042 620 1102 vicit
641 1050 732 1121 pater,

142 1145 194 1188 vos
217 1126 359 1188 diruistis.
404 1126 519 1187 inclitas
541 1126 643 1188 laudes
664 1127 742 1188 iuvat

144 1222 173 1274 et
193 1212 268 1273 lacta
292 1211 389 1291 magni
413 1211 489 1273 clara
512 1211 655 1289 genitoris
677 1211 778 1292 sequi:

144 1297 232 1358 iacuit
255 1304 427 1376 peremptus
449 1295 560 1357 Hector
581 1306 648 1358 ante
670 1296 773 1358 oculos
796 1296 888 1376 patris

143 1382 301 1462 patruique
324 1381 474 1456 Memnon,
497 1382 583 1442 cuius
606 1381 644 1442 ob
666 1382 779 1445 luctum
801 1400 909 1460 parens

143 1466 271 1547 pallente
294 1473 436 1526 maestum
459 1465 583 1545 protulit
604 1467 685 1528 vultu
709 1467 802 1542 diem;

144 1551 251 1630 suique
274 1551 366 1611 victor
388 1552 487 1630 operis
510 1552 676 1631 exemplum
701 1552 817 1613 horruit

144 1636 303 1716 didicitque
327 1634 454 1696 Achilles
477 1643 506 1697 et
527 1636 579 1697 dea
603 1645 688 1697 natos
710 1637 795 1698 mori.

143 1729 206 1783 tum
230 1739 313 1782 saeva
337 1723 463 1781 Amazon
487 1720 609 1782 ultimus
632 1721 738 1783 cecidit
759 1729 855 1783 metus
878 1756 921 1767 -

144 1806 233 1867 debes
254 1805 371 1881 Achilli,
393 1805 496 1866 merita
518 1806 542 1866 si
565 1806 654 1885 digne
677 1806 822 1882 aestimas,

145 1900 175 1953 et
196 1891 220 1952 si
244 1909 279 1951 ex
301 1890 432 1970 Mycenis
454 1890 596 1970 virginem
619 1899 706 1969 atque
728 1891 815 1971 Argis
837 1900 926 1973 petat.

144 1975 296 2038 dubitatur
318 1983 346 2035 et
369 1975 425 2035 iarn
448 1976 553 2055 placita
576 1994 658 2037 nunc
680 1976 778 2038 subito
801 1977 949 2057 improbas

144 2059 313 2139 Priamique
336 2069 431 2120 natam
454 2059 534 2122 Pelei
558 2070 625 2121 nato
648 2062 742 2123 lerum

144 2155 272 2206 mactare
295 2142 412 2205 credis‘l
456 2155 484 2206 at
505 2156 585 2207 tuam
608 2156 705 2208 natam
727 2164 836 2226 parens

146 2229 274 2291 Helenae
297 2229 469 2291 immolasti:
495 2230 578 2291 solita
601 2231 657 2291 iam
681 2239 710 2292 et
731 2232 805 2292 lacta
828 2241 943 2312 expeto.

145 2333 231 2374 nonu.
276 2314 406 2376 luvenile
428 2314 529 2376 vitium
553 2322 597 2376 est
618 2333 722 2394 regere
744 2335 805 2378 non
829 2336 917 2397 posse
938 2318 1097 2397 impetum;
1170 2328 1219 2379 250

145 2398 247 2462 aetatis
269 2399 342 2459 alios
364 2400 462 2460 lervor
482 2400 531 2461 hic
553 2402 668 2479 primus
690 2403 775 2481 rapit,

145 2481 291 2563 Pyrrhum
315 2492 465 2572 paternus,
511 2485 633 2565 spiritus
656 2487 804 2566 quondam
830 2495 930 2549 truces

146 2568 301 2647 minasque
323 2569 428 2630 tumidi
451 2570 550 2631 lentus
572 2571 715 2632 Aeacidae
736 2572 807 2633 tuli:

147 2671 206 2732 quo
228 2654 314 2732 plura
337 2653 444 2733 possis,
467 2655 551 2734 plura
575 2648 723 2735 patienter
741 2658 827 2717 leras.

232 2738 307 2809 Quid
331 2738 420 2799 caede
443 2740 505 2800 dira
528 2739 642 2801 nobiles
665 2741 735 2802 clari
758 2740 841 2802 ducis

146 2824 278 2903 aspergis
301 2821 442 2884 umbras?
465 2843 588 2886 noscere
610 2825 668 2886 hoc
689 2827 819 2904 primum
842 2828 936 2904 decet,

147 2907 218 2987 quid
239 2909 337 2969 lacere
359 2908 452 2970 victor
473 2909 586 2985 debeat,
608 2911 703 2972 victus
726 2912 796 2990 pati.

146 2992 272 3054 violenta
295 3012 383 3054 nemo
405 2994 528 3074 imperia
551 2996 699 3056 continuit
720 2997 780 3072 diu,

147 3078 296 3139 moderata
318 3078 441 3153 durant;
466 3098 584 3158 quoque
608 3080 739 3142 Fortuna
761 3082 848 3143 allius

147 3164 240 3224 evexit
261 3182 295 3224 ac
316 3162 419 3225 levavit
440 3163 583 3225 humanas
607 3183 689 3245 opes,

146 3247 205 3308 hoc
226 3267 258 3310 se
281 3248 373 3328 magis
395 3248 581 3328 supprimere
603 3249 718 3311 felicem
742 3250 826 3311 decet

146 3334 302 3412 variosque
325 3352 411 3411 casus
432 3342 559 3395 tremere
581 3343 761 3396 metuentem
784 3335 855 3396 deos

148 3418 272 3479 nimium
296 3419 435 3480 laventes.
479 3437 584 3497 magna
606 3427 756 3480 momento
779 3420 864 3482 obrui

147 3502 292 3564 vincendo
315 3503 412 3565 didici.
456 3503 543 3564 Troia
566 3523 622 3564 nos
643 3505 772 3566 tumidos
793 3505 862 3566 lacit

150 3621 354 3631 ———-

234 3671 282 3720 227
307 3684 377 3722 sacra
395 3668 537 3736 Phoebos
594 3672 644 3723 228
668 3671 772 3724 colchus
789 3671 815 3721 E
873 3674 922 3726 232
944 3671 1075 3734 Achillis
1126 3674 1174 3726 237
1195 3678 1221 3725 et

148 3735 215 3786 clara
234 3736 320 3802 magni
338 3737 438 3789 lactaA
490 3741 540 3792 239
558 3753 668 3790 mennon
686 3739 711 3789 n*
763 3741 811 3793 243
831 3744 883 3792 tum
901 3755 974 3793 versa
992 3739 1222 3792 A.u.c.timorA

149 3805 199 3855 244
216 3802 290 3869 digna
310 3804 334 3854 ll
414 3808 462 3859 245
482 3807 563 3871 vulgo
582 3807 631 3859 etsi
710 3809 760 3861 246
780 3808 874 3859 etiam?
898 3809 991 3876 placila
1009 3808 1082 3875 vulg.
1101 3814 1224 3861 comaell

147 3868 333 3924 Buecheler-us.
351 3903 385 3911 -
409 3889 456 3925 nec
480 3875 564 3927 subito
586 3875 679 3941 probas
703 3876 727 3925 A
813 3877 861 3929 247
885 3878 1045 3945 patriamque
1069 3881 1172 3944 gnatam
1197 3877 1222 3929 ll

148 3941 194 3993 251
216 3939 311 4007 primae
329 3941 353 3990 A
422 3944 472 3994 252
491 3943 568 3994 trucis
586 3943 610 3993 ll
680 3945 729 3996 264
747 3943 810 3995 sacis
827 3948 847 4010 ς
