2580 4366
572 229 714 273 nurnsrsss

107 395 237 458 avosque
260 386 387 450 nostros,
409 378 469 439 huc
492 389 571 441 tuam
593 380 705 442 inmani
729 380 797 443 sinu

107 463 229 524 demitte
249 461 353 523 vallem
377 481 492 543 nosque
513 465 647 527 defossos
668 474 735 544 tege

107 550 274 609 Acheronte
296 555 368 609 toto.
413 549 516 610 noxiae
539 569 630 630 supra
651 559 741 631 caput

106 634 222 695 animae
243 641 385 712 vagentur
406 644 540 697 nostrum
563 645 593 697 et
613 636 727 697 ardenti
749 637 824 697 freto

107 718 292 797 Phlegethon
314 718 439 790 harenas
460 719 567 798 igneus
588 727 664 781 totns
683 739 775 799 agens

109 804 194 864 exilia
216 822 305 883 supra
326 813 428 865 nostra
449 803 596 866 violentus
617 806 690 867 fluat
706 839 749 849 —

107 888 228 948 immota
250 887 339 949 tellus
360 888 479 969 pondus
500 889 637 969 ignavum
660 889 745 963 iacet,
1119 905 1183 957 1020

107 976 211 1053 fugere
232 972 342 1053 superi.
386 994 451 1035 ern.
495 974 556 1035 lam
579 975 680 1054 accipe
702 975 757 1036 hos
780 974 881 1056 potius
901 974 996 1039 libens

108 1059 160 1119 diu
182 1060 327 1138 expetitos
349 1093 391 1104 -
414 1058 494 1121 nulla
516 1078 571 1141 per
592 1061 710 1121 fratrem
734 1070 778 1121 est
800 1078 896 1121 mora:

108 1144 218 1217 fruere,
240 1142 384 1215 osculare,
406 1144 501 1205 divide
523 1144 675 1226 amplexus
696 1144 801 1207 trihus.

107 1248 173 1289 nur.
217 1228 282 1289 Hoc
303 1227 427 1289 foedus?
455 1232 529 1290 haec
552 1241 595 1291 est
616 1229 718 1309 gratia,
745 1231 818 1292 haec
838 1230 937 1293 fratris
958 1230 1053 1295 fides?

107 1315 150 1375 sio
173 1312 239 1373 odia
261 1311 372 1394 ponis?
401 1332 460 1375 non
483 1323 564 1395 peto,
586 1313 752 1376 incolumes
773 1324 857 1395 pater

109 1406 196 1459 natos
218 1408 252 1458 ut
272 1398 411 1472 heheam3
436 1398 546 1461 scelere
567 1400 647 1480 qnod
670 1399 748 1461 salvo
770 1400 833 1461 dari

109 1484 237 1562 odioque
260 1483 362 1562 possit,
384 1483 473 1544 irater
493 1485 551 1546 hoc
573 1486 693 1545 fratrem
714 1504 804 1564 rogo:

104 1567 237 1647 'sepelire
257 1567 353 1629 liceat.
396 1569 485 1629 redde
508 1569 587 1648 quod
610 1587 715 1630 cernas
736 1569 835 1633 statim

107 1654 172 1724 uri;
196 1651 270 1713 nihil
291 1661 321 1712 te
343 1653 461 1731 genitor
482 1654 637 1715 hahitnrus
657 1671 741 1732 rogo,

108 1738 161 1799 sed
184 1737 363 1818 perditurus.
406 1757 471 1798 Aru.
516 1737 664 1819 Quidquid
687 1758 703 1799 e
725 1738 801 1800 natis
823 1739 882 1800 tuis

108 1832 246 1903 superest
267 1821 368 1896 hahes,
391 1823 600 1904 quodcumque
623 1841 684 1884 non
707 1832 842 1905 superest
863 1823 963 1887 habes.

107 1927 173 1970 nnn.
216 1907 360 1968 Vtrumne
381 1907 473 1969 saevis
496 1907 636 1989 pabulum
658 1907 776 1971 alitibus
797 1908 904 1981 iacent,

108 2013 146 2055 an
169 1992 265 2053 heluis
286 2003 449 2067 servantur,
472 2011 509 2054 an
532 2001 659 2073 pascunt
679 1990 778 2055 ieras?

108 2097 174 2138 ire.
217 2077 362 2157 Epulatus
385 2078 449 2158 ipse
471 2096 503 2139 es
524 2079 614 2159 impin
637 2086 722 2141 natos
743 2078 828 2159 dape.

109 2181 173 2222 nnr.
218 2162 282 2222 lloc
305 2171 349 2223 est
370 2163 441 2225 deos
463 2164 542 2243 quod
565 2164 681 2244 puduit,
702 2165 760 2227 hoc
782 2163 842 2244 egit
864 2164 940 2225 diem
970 2186 974 2192 ·

108 2266 242 2309 aversum
265 2248 296 2308 in
319 2257 412 2309 ortus.
455 2267 528 2328 quas
550 2249 638 2310 miser
660 2267 747 2311 voces
768 2248 844 2311 daho

110 2341 292 2412 questusque
314 2330 412 2412 quos‘l
442 2352 517 2413 quae
538 2333 625 2395 verha
648 2333 796 2396 sufficient
816 2331 913 2395 mihi?

109 2418 223 2478 abscisa
245 2436 334 2477 cerno
358 2418 453 2498 capita
475 2429 505 2479 et
525 2419 640 2480 avulsas
662 2437 767 2479 manus

110 2511 140 2562 et
161 2511 247 2582 rupta
269 2502 369 2563 fractis
391 2504 528 2565 cruribus
549 2503 670 2582 vestigia
691 2538 734 2548 —

108 2588 167 2648 hoc
190 2597 233 2647 est
255 2587 334 2666 quod
357 2588 457 2649 avidus
479 2607 585 2670 capere
607 2608 668 2649 non
692 2589 789 2670 potuit
811 2599 904 2670 poter.

108 2672 267 2733 volvuntur
288 2673 371 2733 intus
392 2673 503 2736 viscera
525 2683 555 2734 et
576 2673 691 2735 clusum
715 2673 796 2735 nolas

109 2758 173 2818 sine
197 2758 276 2818 exitu
298 2756 425 2818 luctatur
448 2768 477 2819 et
498 2759 615 2838 quaerit
636 2758 744 2838 fugam.

109 2844 156 2914 da,
179 2843 279 2911 irater,
302 2861 402 2902 ensem
424 2843 590 2921 (sanguinis
611 2841 736 2905 multum
760 2843 817 2903 mei

108 2926 198 2988 hahet
220 2926 295 3002 ille):
319 2926 397 2988 ferro
420 2927 522 2989 liberis
543 2928 629 2988 detur
650 2926 704 2989 via.

110 3022 235 3089 negetur
256 3009 358 3071 ensis?
387 3021 506 3092 pectora
528 3012 617 3073 inliso
639 3021 748 3073 sonent

108 3107 234 3159 contusa
255 3096 375 3176 planctu
397 3133 439 3144 -
461 3098 584 3171 sustine,
606 3097 719 3170 infelix,
742 3114 873 3167 manum,

108 3200 266 3262 parcamus
287 3182 410 3243 umbris.
454 3183 511 3244 tale
534 3183 600 3263 quis
622 3181 692 3243 vidit
715 3178 820 3243 nelas‘l

197 3419 263 3468 1014
281 3416 390 3468 hoctun
407 3417 433 3467 iu
451 3416 519 3467 mani
538 3418 602 3470 sl}
654 3418 718 3467 1010
738 3414 837 3467 dimitte
851 3408 1056 3463 A.-·-vslle⁸
1123 3424 1143 3448 v·

109 3484 186 3535 exitio
210 3485 285 3536 codd.
308 3487 429 3535 correxit
450 3485 600 3535 Gronovius
670 3485 734 3535 1020
752 3483 820 3535 iaces
838 3482 863 3533 A
934 3480 1111 3531 torturum

108 3552 217 3603 addidit
232 3553 263 3603 B.
282 3552 445 3603 Schmidtios
462 3553 494 3602 do
511 3568 558 3605 em.
577 3553 638 3602 Seu.
649 3555 685 3602 tr.
702 3550 773 3616 pro
789 3550 875 3617 recipe
894 3546 1072 3601 homme
1091 3568 1148 3597 ιν.

109 3619 213 3671 tandem
231 3620 282 3671 tuis
300 3622 324 3670 ,4
378 3623 443 3673 1022
461 3620 486 3674 d.
504 3620 623 3686 expetitis
641 3621 762 3682 (n.—m.)
780 3618 863 3671 fruere
881 3618 907 3665 A
969 3616 1035 3665 10ὶῖ
1058 3636 1140 3667 sur-.-

108 3693 202 3738 uotom
220 3704 269 3739 om.
288 3689 313 3738 Ε
366 3691 431 3741 1025
449 3688 582 3739 incolumis
594 3687 620 3737 Ε
672 3689 735 3737 1031
756 3702 777 3739 s.
790 3684 896 3737 hahehis
913 3696 1029 3747 nunu-⁰

107 3756 175 3808 leros
193 3769 224 3808 on
244 3760 352 3822 pascunt
368 3757 394 3808 Ε
463 3759 528 3809 toto
547 3755 680 3807 adversum
700 3754 749 3805 ΕΛ
771 3760 876 3819 eom}
948 3754 1013 3803 noe
1028 3772 1093 3797 ιω.

110 3825 176 3877 1041
200 3823 353 3876 volvuntur:
378 3841 393 3875 o
416 3840 451 3873 ex
475 3823 577 3875 u1-2
592 3838 624 3873 nr.
644 3822 676 3873 Ε.
699 3849 731 3861 -
754 3822 869 3879 claudum
900 3824 913 3845 ’
1002 3824 1023 3867 r
1088 3842 1144 3871 ιμ-

108 3893 176 3941 riam
196 3893 220 3941 A
283 3895 347 3945 1044
364 3891 453 3944 demus
471 3891 576 3943 riamA
630 3891 693 3943 1046
710 3894 871 3945 corma
932 3892 995 3937 2¹3·
1014 3908 1040 3933 e·

108 3959 246 4011 cml}
