2580 4366
156 218 219 283 358
633 235 751 280 oonavu

154 388 292 467 sugerent
313 396 435 467 penates
458 394 486 448 et
507 386 595 447 trium
618 387 729 448 serrum
753 386 871 464 ducum,

154 471 250 534 tabula
274 479 394 533 notante
417 471 530 533 deditos
551 472 628 532 tristi
650 471 733 533 necil

154 557 286 637 exposita
308 556 413 618 rostris
437 557 532 636 capita
555 574 708 618 caesorum
731 564 829 636 patres

153 642 252 704 videre
273 641 386 716 maesti,
409 641 481 703 flere
503 659 558 703 nec
580 641 665 703 licuit
686 659 767 717 suos,
797 687 801 692 .

154 744 215 787 non
239 743 357 805 gemere
380 726 443 786 dira
464 726 531 788 tabo
553 725 667 806 polluto
690 727 767 801 soro,

153 810 282 872 stillante
304 809 385 873 sanie
408 828 463 890 per
485 819 587 890 putres
608 810 707 874 vultus
729 810 817 890 gravi.

154 914 210 958 neo
232 896 299 957 iinis
322 895 370 956 hio
392 895 508 958 cruoris
530 903 581 958 aut
603 895 699 958 caedis
722 895 817 957 stetit:

153 999 258 1062 pavere
281 981 415 1043 volucres
438 989 467 1042 et
488 981 566 1042 feras
587 999 687 1042 saevas
710 980 759 1042 diu

152 1066 252 1127 tristes
274 1065 413 1145 Philippi,
437 1065 573 1129 †hausit
595 1073 623 1126 et
646 1065 778 1127 Siculum
800 1083 880 1126 mare

153 1151 261 1212 classes
281 1151 420 1229 virosque
443 1151 570 1230 †saepe
592 1149 729 1212 cedentes
751 1169 822 1213 suos

152 1253 316 1297 concussus
340 1234 421 1296 orbis
442 1234 554 1296 viribus
576 1236 691 1314 magnis
713 1236 831 1297 ducum.

153 1328 310 1399 superatus
333 1319 395 1381 acie
417 1319 570 1400 puppibus
591 1319 689 1381 Nilum
714 1321 788 1401 petit

152 1405 239 1483 fugae
262 1404 379 1485 paratis,
403 1405 468 1483 ipse
490 1405 641 1484 periturus
664 1405 759 1467 hreni:

152 1488 252 1552 hausit
274 1507 410 1551 cruorem
433 1489 545 1554 incesta
567 1489 693 1551 Romani
716 1489 799 1552 ducis

152 1575 302 1655 Aegyptus
325 1575 448 1648 iterum;
472 1593 553 1636 nunc
573 1574 652 1636 leves
675 1575 794 1636 umbras
816 1573 897 1651 tegit.

153 1659 214 1721 illic
237 1659 386 1739 sepultum
411 1669 455 1720 est
478 1660 568 1739 impie
592 1666 706 1738 gestum
730 1659 779 1720 diu

153 1744 235 1805 civile
257 1743 377 1806 bellum.
423 1744 555 1807 condidit
576 1745 694 1806 tandem
716 1762 788 1805 suos

152 1829 208 1890 iam
231 1829 327 1890 sessus
351 1847 436 1890 enses
459 1830 552 1890 victor
574 1829 724 1891 hebetatos
747 1827 818 1892 ieris

150 1913 332 1987 vulneribus,
357 1922 385 1975 et
406 1913 555 1976 continuit
576 1914 733 1994 imperium
755 1920 861 1975 metus.
961 1942 964 1947 <

58 2044 61 2050 ·
151 1998 240 2060 armis
260 1999 378 2077 fideque
401 1998 501 2060 militis
524 2005 606 2061 tutus
628 1998 693 2074 fuit,

151 2084 261 2163 pietate
283 2083 344 2145 nati
367 2083 461 2146 sactus
484 2083 588 2145 eximia
611 2083 693 2160 deus,

150 2177 219 2248 post
241 2169 297 2229 fata
321 2176 511 2230 consecratus
534 2176 563 2230 et
584 2168 703 2248 templis
727 2168 821 2229 datus.

151 2271 206 2314 nos
229 2271 348 2332 quoque
371 2253 534 2316 manebunt
555 2261 643 2328 astra,
666 2253 691 2314 si
713 2270 799 2314 saevo
821 2250 904 2331 prior

151 2356 223 2400 ense
245 2355 393 2417 occuparo
417 2338 561 2418 quidquid
583 2337 725 2400 infestum
747 2346 791 2399 est
812 2336 883 2398 mihi

151 2422 299 2500 dignaque
323 2429 453 2484 nostram
476 2423 579 2485 subole
601 2423 726 2485 fundaro
750 2422 880 2484 domum.

150 2525 214 2568 ssu.
258 2505 395 2585 Implebit
417 2507 512 2569 aulam
536 2508 629 2587 stirpe
652 2507 769 2569 caelesti
791 2515 870 2569 tuam

150 2599 289 2670 generata
312 2591 378 2651 divo
403 2591 539 2654 Claudiae
561 2593 658 2672 gentis
680 2592 780 2666 decus,

150 2675 254 2737 sortita
277 2675 375 2737 fratris
396 2695 480 2739 more
501 2677 626 2740 lunonis
649 2685 740 2738 toros.

149 2779 217 2822 unu.
261 2761 377 2822 Incesta
400 2762 533 2841 genetrix
557 2763 683 2824 detrahit
704 2760 806 2840 generi
829 2761 924 2829 fidem,

150 2847 328 2926 animusque
351 2864 511 2925 numquam
536 2847 672 2926 coniugis
694 2847 815 2908 innotus
836 2845 918 2906 mihi.

150 2949 213 2992 ssu.
261 2929 385 2992 Teneris
407 2932 438 2992 in
461 2931 547 2993 annis
571 2931 646 2993 haud
669 2931 739 2992 satis
762 2930 980 3006 clamatorem,

150 3016 267 3097 pudore
288 3015 383 3076 victus
405 3034 473 3077 cum
496 3016 569 3095 tegit
589 3017 730 3091 flammas,
752 3034 844 3078 amor.

147 3119 213 3163 usn.
258 3099 322 3162 Hoc
344 3101 485 3178 equidem
509 3111 538 3162 et
559 3101 624 3180 ipso
646 3100 757 3163 credidi
780 3102 889 3163 trustra
911 3099 973 3174 diu,
1190 3117 1234 3168 sm

234 3353 284 3405 516
302 3350 390 3404 mersit
415 3351 565 3404 Gronovius
590 3351 663 3418 pavit
679 3351 858 3404 secessurus
926 3354 975 3403 517
998 3366 1049 3418 que
1073 3368 1128 3408 om.
1146 3357 1181 3409 D.
1200 3385 1233 3396 -

147 3433 209 3486 sepe
227 3433 256 3472 ce
274 3418 474 3482 i.ras.1m.Q
526 3419 786 3484 monostemi
818 3422 891 3472 locus
908 3420 1091 3485 interpolatus
1109 3429 1142 3473 ut
1159 3423 1232 3475 vido·

149 3493 203 3540 tur.
234 3487 329 3555 sparsit
338 3486 457 3540 Actiacos
475 3487 545 3540 sinus
560 3487 565 3554 Ι
581 3502 720 3540 concussos
730 3491 873 3555 proposuit
881 3485 1068 3540 Betuctelum.
1107 3491 1158 3543 hoc
1174 3491 1232 3553 sora

149 3561 323 3622 temptamus:
347 3554 422 3608 traxit
444 3559 471 3608 et
492 3554 605 3609 Siculum
630 3570 698 3608 mare
713 3559 718 3617 1
734 3556 834 3617 classes
853 3555 987 3622 virosque;
1011 3555 1117 3610 miscuit
1141 3564 1232 3640 pentes

148 3623 202 3676 suis
216 3622 221 3692 Ι
237 3637 377 3676 concussus
389 3622 457 3676 orbis
465 3623 571 3677 viribus.
590 3623 692 3676 tandem
705 3624 819 3677 aemulus
834 3622 839 3691 Ι
854 3627 989 3690 superatus
1018 3624 1083 3688 (auis
1093 3654 1116 3665 -
1127 3627 1232 3680 ruribus.

148 3690 306 3758 liutgerum
325 3691 357 3744 V.
373 3690 403 3743 L.
421 3708 447 3758 p.
467 3692 501 3745 64
513 3709 551 3758 sq.
570 3691 639 3743 conl.
656 3691 720 3743 Leo.
738 3693 761 3758 1,
778 3694 796 3744 5
813 3694 937 3744 certatum
954 3691 1017 3744 totis
1035 3696 1156 3748 concussi
1173 3694 1231 3748 viri·

147 3759 196 3813 bus
214 3758 293 3825 orbis)
352 3761 400 3812 52¹1
420 3763 503 3812 tutum
520 3761 546 3811 Σ
602 3762 650 3813 bal
670 3774 810 3827 occuparo:
828 3775 856 3812 ro
874 3762 893 3810 i.
911 3773 965 3810 ros.
987 3757 1048 3823 01⁸²
1069 3776 1136 3815 occu
1155 3777 1232 3818 aveto

149 3827 171 3878 0
189 3828 320 3893 occupabo
338 3824 397 3879 ΒΤι
479 3830 529 3882 532
548 3825 654 3879 fundato
672 3827 733 3892 111¹,
755 3827 787 3878 T¹
806 3833 837 3879 ut
858 3826 911 3877 oid.
988 3830 1037 3881 533
1056 3779 1177 3897 implessit
1200 3830 1232 3894 R]

147 3895 264 3961 implevit
280 3893 381 3958 2011ss
430 3898 479 3950 ott
499 3895 565 3948 coni.
583 3910 671 3962 numq.
691 3899 715 3946 Φ
768 3898 819 3948 538
837 3894 929 3956 clarus]
942 3893 1011 3947 clarc
1023 3901 1064 3949 est
1083 3899 1162 3954 codd.
1175 3915 1233 3952 cor·

144 3965 223 4015 rescit
242 3960 289 4017 ru.
307 3963 497 4020 Mommsenur.
514 3991 548 4002 —
565 3963 653 4026 forest]
671 3962 736 4015 fides
754 3962 830 4015 codd.
849 3965 958 4014 corrosa·
