2580 4366
530 233 704 277 PHOENISSAE

79 401 198 444 manum
222 383 299 444 hanc
320 383 474 444 remittam.
519 384 686 464 prohibeas
709 385 835 464 genitor,
857 385 942 448 licet:

77 486 179 547 regam
201 467 390 544 abnuentem,
413 468 536 548 dirigam
559 469 642 532 inviti
665 471 797 549 gradum.

78 556 108 615 in
133 553 219 633 plana
243 550 359 614 tendis?
382 554 469 627 vado;
492 563 651 635 praerupta
672 553 809 635 appetis?

79 657 140 700 non
164 638 260 713 obsto,
283 637 334 698 sed
357 639 519 718 praecedo;
543 658 602 718 quo
624 639 667 700 vis
690 647 773 702 utere

78 724 153 785 duce
176 742 223 784 me
246 722 423 783 -duobus
445 725 542 784 omnis
565 723 683 803 eligitur
704 725 764 786 via:

77 809 177 889 perire
199 808 264 869 sine
287 826 334 869 me
357 826 418 869 non
441 816 536 888 potes,
558 828 675 870 mecum
699 817 793 890 potes.

77 894 126 955 hic
148 893 204 954 alta
227 912 318 973 rupes
340 893 433 954 arduo
456 895 551 972 surgit
574 895 643 973 iugo

77 986 249 1059 spectatque
271 978 360 1056 longe
383 978 475 1057 spatia
498 978 623 1041 subiecti
645 978 750 1039 maris:

77 1065 120 1125 vis
142 1064 218 1124 hanc
240 1061 399 1143 petamus?
422 1063 519 1124 nudus
541 1064 590 1125 hic
612 1062 722 1144 pendet
743 1062 825 1136 silex,

76 1150 126 1210 hic
149 1148 239 1209 scissa
261 1147 349 1209 tellus
371 1147 506 1208 faucibus
528 1148 624 1228 ruptis
645 1148 721 1210 hiat:

76 1235 119 1294 vis
141 1233 218 1294 hanc
239 1231 398 1312 petamus?
419 1232 469 1293 hic
490 1251 579 1314 rapax
600 1241 719 1295 torrens
742 1232 819 1295 cadit

76 1326 236 1398 partesque
257 1317 331 1397 lapsi
354 1317 463 1378 montis
486 1337 585 1379 exesas
607 1327 697 1380 rotat:

76 1405 108 1464 in
131 1403 212 1463 hunc
234 1400 377 1463 ruamus?
401 1402 469 1463 dum
492 1403 584 1482 prior,
607 1422 667 1483 quo
689 1403 732 1465 vis
754 1422 800 1465 eo.

76 1508 139 1549 non
162 1488 315 1567 deprecor,
339 1505 400 1548 non
422 1487 534 1548 hortor.
579 1488 710 1567 extingui
733 1487 818 1568 cupis

75 1581 247 1652 votumque,
270 1573 398 1651 genitor,
420 1573 579 1633 maximum
601 1590 682 1633 mors
704 1571 845 1634 esttibi?

76 1659 101 1720 si
125 1657 260 1730 moreris,
283 1657 439 1718 antecede:
464 1657 489 1718 si
510 1658 592 1734 vivis,
614 1675 734 1736 sequor.

76 1743 129 1805 sed
151 1743 235 1804 flecte
257 1751 396 1818 mentem,
419 1749 524 1821 pectus
546 1742 701 1821 antiquum
722 1741 829 1802 advoca

76 1829 225 1906 victasque
247 1845 355 1905 magno
378 1826 485 1887 robore
508 1844 663 1888 aerumnas
686 1826 787 1900 doma;

76 1912 195 1974 resiste:
218 1912 308 1972 tantis
330 1912 362 1973 in
384 1911 469 1972 malis
491 1911 568 1971 vinci
590 1911 666 1972 mori
688 1919 743 1972 ast.

76 2016 172 2059 ouum.
238 1996 320 2057 Vnde
342 1997 373 2057 in
397 1996 523 2058 nefanda
544 1997 695 2075 specimen
717 1995 869 2074 egregium
892 1991 1003 2056 domo?

76 2082 157 2144 unde
179 2082 233 2142 ista
255 2082 358 2160 generi
380 2082 461 2159 virgo
485 2081 634 2142 dissimilis
656 2078 733 2141 suo?

76 2168 217 2242 Fortuna,
241 2164 359 2227 credis?
382 2167 488 2245 aliquis
511 2177 555 2227 est
577 2186 612 2228 ex
634 2185 681 2227 me
703 2162 795 2245 pius?

76 2271 138 2314 non
162 2260 239 2313 esset
260 2269 411 2330 umquam,
434 2252 491 2313 fata
512 2251 588 2312 bene
612 2252 679 2311 novi
702 2269 776 2323 mea,

75 2337 135 2399 nisi
157 2344 190 2397 ut
212 2346 343 2397 noceret.
388 2336 451 2416 ipsa
473 2355 505 2397 se
527 2336 557 2397 in
580 2335 663 2414 leges
686 2354 775 2396 novas

76 2429 181 2483 natura
203 2422 303 2483 vertit:
349 2430 466 2499 regeret
487 2422 518 2482 in
541 2421 654 2482 fontem
677 2421 749 2482 citas

75 2506 227 2567 revolutus
251 2506 345 2566 undas
367 2506 462 2567 amnis
485 2514 514 2567 et
536 2513 653 2567 noctem
676 2506 778 2566 afferet

74 2591 211 2652 Phoebea
233 2588 353 2670 lampas,
377 2590 529 2670 Hesperus
549 2591 637 2652 laciet
655 2590 748 2663 diem;

74 2683 109 2736 ut
131 2677 166 2737 ad
188 2675 321 2736 miserias
344 2675 454 2755 aliquid
475 2676 593 2736 accedat
615 2693 704 2749 meas,
725 2671 729 2674 ’

73 2760 118 2841 pii
142 2779 260 2840 quoque
283 2761 402 2821 erimus.
446 2761 534 2821 unica
558 2760 726 2839 Oedipodae
749 2766 794 2820 est
815 2756 903 2830 salue,

74 2864 138 2906 non
163 2863 227 2906 esse
249 2845 370 2905 salvum.
415 2844 501 2905 liceat
523 2845 626 2906 ulcisci
649 2850 763 2924 patrem

74 2930 173 2990 adhuc
195 2930 322 2991 inultum
344 2964 386 2974 -
408 2930 508 2990 dextra
530 2928 601 3008 quid
623 2947 720 2991 cessas
742 2928 824 2989 iners

75 3015 193 3093 exigere
215 3011 348 3095 poenas‘l
371 3014 513 3094 quidquid
537 3020 671 3075 exactum
693 3021 739 3074 est
760 3012 864 3085 adhuc,

74 3099 163 3160 matri
185 3099 299 3161 dedisti.
338 3100 422 3162 mitte
444 3099 587 3179 genitoris
610 3116 739 3173 manum,

74 3184 205 3246 animosa
227 3185 326 3263 virgo:
349 3185 440 3245 funus
462 3183 595 3246 extendis
615 3200 715 3266 meum

74 3269 239 3349 longasque
261 3270 316 3329 vivi
339 3269 422 3330 ducis
444 3269 583 3348 exequias
604 3268 705 3348 patris.

75 3353 234 3433 aliquando
257 3363 336 3416 terra
357 3373 467 3434 corpus
490 3353 616 3414 invisum
638 3361 722 3430 tege3

74 3457 182 3519 peccas
203 3440 327 3500 honesta
350 3447 458 3514 mente,
480 3438 618 3518 pietatem
640 3452 726 3496 rocas

74 3533 190 3604 patrem
212 3524 395 3605 insepultum
417 3523 544 3585 trahere.
588 3520 640 3601 qui
665 3520 745 3600 cogit
765 3517 841 3579 mori

161 3763 194 3814 62
211 3761 318 3812 invitum
337 3760 362 3809 A
431 3761 462 3811 65
481 3755 546 3808 duce
563 3771 577 3808 e
595 3755 695 3808 duobus
713 3753 738 3803 A
807 3754 849 3805 69.
869 3753 901 3804 'ld
926 3749 1148 3802 6161666666-

73 3829 149 3892 finiis
166 3832 331 3894 paginarum
349 3830 383 3892 (o.
401 3826 433 3878 71
452 3827 549 3890 incipit
565 3823 586 3885 f.
603 3824 659 3889 410)
729 3823 761 3874 76
778 3820 882 3900 robore:
900 3833 929 3871 ro
947 3835 982 3885 aq
997 3833 1027 3869 ru
1042 3818 1060 3878 1
1070 3833 1104 3868 m.
1122 3816 1147 3869 n·

73 3900 179 3965 pectore
196 3897 221 3946 A
307 3899 339 3949 to
361 3893 429 3947 vinci
447 3893 541 3945 malum
558 3897 598 3946 est
615 3893 641 3944 A
717 3892 751 3944 83
773 3892 846 3941 novit
862 3887 888 3939 E
965 3889 997 3940 85
1021 3888 1105 3938 vertet
1121 3885 1146 3935 A

73 3969 107 4019 94
127 3964 255 4018 animosa:
275 3980 289 4016 a
307 3968 336 4015 in
353 3963 408 4026 fine
426 3962 488 4014 add.
505 3961 524 4014 2
539 3959 617 4012 6616
685 3961 718 4013 96
736 3955 891 4028 alioquando
911 3954 934 4007 Ε

928 4056 963 4112 Q*
