2580 4366
404 942 601 1006 HERCVLES

200 1079 285 1140 Sator
308 1079 439 1154 deorum,
463 1079 548 1141 cuius
571 1099 728 1143 excussum
750 1100 840 1144 manu

115 1173 256 1243 utraeque
279 1163 390 1225 Phoebi
413 1164 546 1225 sentiunt
568 1166 680 1227 tulmen
704 1167 818 1244 domus,

114 1266 217 1310 secure
241 1266 394 1327 regna-
417 1250 529 1329 protuli
553 1269 656 1330 pacem
679 1251 742 1326 tibi,

114 1351 300 1412 quacumque
322 1333 436 1394 Nereus
459 1335 571 1414 porrigi
593 1346 687 1397 terras
710 1345 794 1398 vetat.

114 1435 175 1479 non
198 1427 242 1478 est
264 1418 442 1480 tonandum:
471 1420 576 1497 perfidi
599 1439 684 1498 reges
706 1421 812 1494 iacent,

113 1503 190 1563 saevi
213 1503 339 1582 tyranni.
384 1502 526 1581 fregimus
548 1503 692 1582 quidquid
715 1505 771 1565 tuit

114 1586 166 1647 tibi
187 1587 414 1648 fulminandum.
463 1587 513 1648 sed
536 1588 608 1648 mihi
630 1589 754 1663 caelum,
778 1605 896 1667 parcns,

112 1672 209 1733 adhuc
231 1672 378 1750 negatur?
408 1672 493 1751 parui
516 1683 595 1734 certe
618 1673 684 1733 love

114 1755 223 1834 ubique
245 1757 353 1835 dignus
376 1764 463 1834 teque
485 1765 587 1819 testata
610 1766 656 1818 est
677 1775 775 1818 meum

112 1850 225 1920 patrem
249 1858 383 1902 noverca.
428 1841 497 1921 quid
521 1849 617 1903 tamen
641 1842 735 1905 nectis
756 1839 875 1903 moras?

113 1925 256 2005 numquid
279 1922 438 1986 timemur?
470 1926 613 2005 numquid
635 1927 806 2007 impositum
828 1926 885 1987 sibi

114 2028 174 2070 uon
198 2011 306 2090 poterit
328 2010 408 2070 Atlas
430 2011 508 2071 ferre
530 2029 597 2072 cum
621 2013 702 2073 caelo
725 2009 903 2073 Herculem?

113 2095 184 2173 quid
206 2104 291 2170 astra,
314 2094 441 2174 genitor,
463 2095 534 2174 quid
558 2093 669 2174 negas?
699 2114 779 2158 mors
802 2115 848 2158 me
871 2095 924 2157 tibi

114 2187 192 2240 certe
215 2180 337 2255 remisit,
361 2198 447 2241 omne
471 2183 618 2243 concessit
640 2182 749 2243 malum

112 2265 191 2342 quod
216 2274 292 2326 terra
315 2265 427 2343 genuit,
450 2274 560 2344 pontus
582 2284 632 2328 aer
655 2267 758 2328 inferi:

113 2349 213 2410 nullus
236 2367 290 2428 per
313 2348 401 2410 urbes
424 2360 501 2411 errat
523 2351 660 2412 Arcadias
682 2351 739 2427 leo,

112 2433 290 2514 Stymphalis
312 2434 446 2509 icta‘est,
468 2435 592 2496 Maenali
615 2437 696 2499 nulla
718 2445 763 2498 est
784 2437 861 2510 fcra;

112 2519 220 2598 sparsit
242 2527 413 2598 peremptus
435 2538 558 2582 aureum
581 2538 705 2601 serpens
728 2540 834 2583 nemus

112 2612 141 2665 et
162 2603 253 2682 hydra
275 2603 351 2665 vires
373 2605 474 2682 posuit
495 2613 524 2666 et
547 2615 633 2666 notos
657 2605 755 2667 Hebro

112 2706 219 2749 cruore
242 2687 367 2767 pingues
390 2689 540 2768 hospitum
562 2690 637 2767 fregi
659 2708 764 2768 greges

112 2772 264 2851 hostisque
287 2773 360 2833 traxi
382 2773 477 2851 spolia
498 2773 754 2836 Thermodontiae.

110 2856 169 2917 vidi
191 2857 331 2918 silentum
353 2858 409 2918 fata
433 2876 488 2918 nec
511 2866 623 2919 tantum
645 2859 718 2934 redi,

111 2941 161 3003 sed
185 2941 318 3020 trepidus
340 2950 435 3003 atrum
460 2941 620 3004 Cerberum
642 2943 714 3005 vidit
736 2943 798 3004 dies

111 3036 140 3087 et
163 3025 210 3086 ille
233 3025 333 3086 solem.
379 3026 480 3089 nullus
503 3029 631 3088 anneus
653 3027 742 3107 Libys

111 3110 236 3171 animam
259 3111 390 3185 resumit,
414 3111 520 3173 cecidit
540 3121 607 3173 aute
629 3131 694 3173 aras
716 3130 784 3174 suas

110 3194 234 3269 Busiris,
256 3213 316 3255 uua
339 3204 383 3256 est
405 3196 522 3275 Geryon
545 3214 666 3276 sparsus
689 3215 777 3259 manu

110 3288 272 3357 taurusque
294 3279 413 3359 populis
435 3280 573 3342 horridus
595 3290 715 3344 centum
737 3299 836 3362 pavor.

110 3364 319 3443 quodcumque
343 3364 429 3425 tellus
453 3366 556 3444 genuit
578 3366 685 3427 infesta
706 3367 814 3428 occidit

109 3466 233 3527 meaque
255 3447 355 3508 lusum
379 3458 423 3511 est
445 3449 576 3511 dextera:
600 3451 682 3512 iratis
705 3451 767 3513 deis

194 3629 360 3684 fluucvuus
378 3631 402 3682 E
419 3631 582 3685 fluucvuus
601 3632 748 3686 OETAEVS
767 3634 791 3684 A

197 3733 394 3798 texcelsumg
464 3737 495 3786 14
513 3749 570 3786 cum
588 3737 672 3787 cesset
689 3735 787 3801 (cessit)
804 3735 829 3786 A
885 3738 914 3787 15
932 3733 1111 3802 quodcumque
1128 3738 1182 3802 2.ς

108 3803 141 3854 20
160 3799 213 3853 iudi
231 3815 321 3868 greges
339 3801 364 3852 A
433 3803 463 3855 21
484 3801 630 3868 hostisque:
649 3817 664 3853 c
682 3817 736 3854 rac.
755 3819 789 3854 ere
806 3801 822 3854 ir
842 3804 857 3854 1
867 3818 901 3853 m.
919 3800 944 3854 Ε
995 3805 1029 3855 22
1047 3818 1071 3854 ν.
1089 3817 1179 3872 regen·

108 3874 161 3921 tem
179 3871 204 3919 A
273 3871 306 3922 26
325 3875 365 3922 est
382 3869 475 3922 emm
544 3873 576 3923 28
594 3869 754 3934 ἰηίοειιιως
822 3872 855 3925 29
874 3869 951 3923 eratis
969 3869 1066 3924 dleelt'

933 3954 988 4008 tu*
