2602 4380
150 193 209 255 158
481 209 519 250 nn
542 208 704 252 raasosou
725 209 895 258 narremus,

236 376 338 421 vereor
360 378 397 420 ne
419 359 450 420 in
473 358 532 419 boc
552 358 618 419 loco
637 358 822 420 inlustranda
838 352 1054 423 nimius'luisse
1069 361 1225 438 videar.¹⁴t

150 444 201 507 sed
225 463 311 525 quam
334 443 458 504 maxime
481 443 623 505 intererat
644 451 676 504 ut
698 443 837 506 omnibus
862 445 1094 524 persuaderetur
1116 457 1225 525 quant·

150 548 241 610 opere
270 548 305 590 ex
333 529 485 589 rhetorum
515 527 593 589 ludis
621 528 694 590 haec
720 528 849 591 carmina
871 531 1046 609 penderent.
1091 532 1224 612 exempla

150 626 246 678 autern
276 613 384 693 quibus
412 613 543 674 defuncti
573 631 676 675 sumus
703 612 856 693 impellant
876 615 977 676 forsan
1000 617 1169 697 quempiam
1191 627 1225 679 ut

150 701 304 762 universae
335 698 511 761 elocutionis
539 705 672 759 naturam
703 698 905 760 scholasticam
928 698 1099 780 singillatim
1122 720 1225 781 perse·

152 794 269 865 quatur,
292 802 350 863 qua
372 783 433 844 sola
456 783 569 844 ratione
591 783 807 862 qualecumque
830 784 968 863 gaudium
992 804 1028 846 ex
1047 786 1093 848 his
1107 794 1225 866 tragoe-

152 870 208 930 diis
230 867 343 949 percipi
366 877 472 948 potest.
517 868 625 930 etenim
654 867 725 930 litus
751 879 863 931 aratum
886 878 931 931 est
952 869 987 930 ab
1011 869 1151 932 omnibus
1173 872 1224 952 qui

151 953 292 1015 iudicium
316 952 351 1014 de
374 952 416 1013 eis
439 953 474 1013 ad
496 952 568 1014 artis
590 953 718 1030 tragicae
740 953 820 1032 leges
835 953 970 1033 redigere
986 955 1085 1019 conati
1101 955 1146 1017 vel
1160 950 1224 1018 lad-

152 1041 260 1101 darunt
273 1046 307 1098 ut
320 1039 413 1099 bonas
429 1037 591 1116 tragoedias
606 1037 651 1098 vel
665 1039 871 1117 vituperarent
886 1048 919 1101 ut
933 1039 1033 1115 malas,
1056 1049 1090 1101 ut
1104 1040 1224 1102 illorum

150 1124 294 1185 insaniam
317 1129 495 1202 praeteream
514 1121 566 1201 qui
582 1122 626 1182 vel
640 1129 742 1184 nosue
758 1125 875 1185 saeculo
889 1125 1032 1186 Senecam
1051 1143 1120 1186 cum
1136 1126 1224 1187 Euri·

150 1209 218 1288 pide
240 1225 411 1286 comparare
432 1208 496 1268 ausi
519 1214 589 1269 sunt
603 1241 645 1252 —
660 1206 688 1267 id
712 1209 792 1287 quod
814 1216 843 1269 et
863 1209 973 1288 prioris
987 1210 1047 1272 aevi
1064 1210 1225 1290 philologis

150 1304 180 1356 et
200 1293 356 1372 Lessingio
384 1292 623 1367 adulescentulo,
654 1293 705 1371 qui
734 1293 857 1355 mirifice
886 1294 1037 1355 coloribus
1064 1295 1223 1358 rhetoricis

150 1378 358 1452 delectabatur,
380 1377 465 1438 facile
486 1377 699 1438 condonamus.
743 1377 816 1439 istae
837 1396 907 1438 vero
930 1397 990 1440 aon
1013 1387 1085 1441 sunt
1105 1387 1223 1459 tragoe-

150 1465 215 1525 diae
241 1463 292 1525 sed
322 1462 548 1524 declamationes
576 1462 611 1523 ad
639 1462 805 1540 tragoediae
827 1464 967 1524 amussim
989 1466 1172 1545 compositae
1193 1472 1224 1526 ot

149 1550 180 1609 io
202 1558 285 1610 actus
307 1547 465 1622 deductam
488 1549 519 1606 in
542 1545 650 1625 quibus
672 1547 696 1608 si
716 1547 786 1626 quid
801 1556 924 1610 venuste
939 1548 983 1609 vel
998 1550 1222 1627 centauream,

147 1633 251 1694 tloride
274 1643 309 1694 et'
323 1634 447 1712 figurate
468 1631 660 1711 descriptum,
683 1632 804 1711 copiose
822 1644 972 1696 narratum
988 1643 1076 1710 esset,
1098 1635 1223 1715 plaude·
1281 1651 1288 1661 ·

149 1719 220 1780 bant
241 1719 400 1792 auditores,
423 1716 479 1781 arti
500 1717 680 1778 satisfactum
702 1725 793 1778 erat.-

233 1804 415 1882 itaquenon
437 1801 675 1881 comparabimus
697 1820 764 1863 cum
787 1803 900 1881 graecis
925 1802 978 1863 has
995 1803 1167 1883 ¹tragoedias
1190 1813 1224 1866 ut

147 1889 218 1950 artis
245 1904 353 1968 opera,
383 1887 434 1949 sed
463 1904 564 1949 earum
592 1895 766 1966 argumenta
787 1896 901 1950 tanturn
925 1895 955 1949 et
975 1897 1221 1967 argumentorum

147 1974 359 2035 tractationem.
403 1972 543 2033 nimirum
573 1991 589 2033 a
616 1971 767 2052 prioribus
790 1971 991 2034 Romanorum
1022 1974 1142 2053 tragicis
1166 1975 1221 2036 Se-

147 2077 220 2120 neca
250 2066 277 2119 et
299 2058 330 2118 in
354 2057 496 2136 eligendis
518 2057 701 2135 argumentis
722 2066 751 2118 et
773 2056 804 2118 in
831 2057 990 2119 tractandis
1012 2059 1052 2120 ita
1071 2059 1220 2134 'discessit

146 2144 303 2222 utriusque
325 2143 368 2204 rei
390 2160 507 2202 causam
531 2152 564 2202 ut
578 2142 610 2202 in
625 2141 729 2203 studiis
744 2142 900 2204 rhetoricis
915 2143 1000 2204 sitam
1016 2160 1080 2204 asse
1096 2144 1220 2207 elnaem

231 2237 318 2306 atque
332 2227 464 2306 primum·
477 2226 596 2304 quidem
611 2235 783 2305 argumenta
798 2228 876 2306 apud
892 2227 1020 2290 Graecos
1036 2228 1221 2291 nobilissima

146 2314 293 2391 Oedipum
315 2320 345 2372 et
366 2310 569 2390 Hippolytum,
592 2330 668 2391 quae
691 2331 728 2373 ne
753 2313 867 2392 priores
889 2313 1091 2374 Romanorum
1114 2323 1221 2394 poetae
1250 2347 1255 2357 ·

145 2398 292 2459 tractanda
315 2395 371 2456 sibi
394 2408 546 2458 sumerent
568 2397 679 2458 incesta
701 2397 829 2459 conubia
851 2406 880 2458 et
896 2398 1059 2476 flagitiosus
1075 2416 1220 2461 novoroea

145 2500 227 2544 amor
254 2481 468 2562 prohibuerant
488 2510 531 2526 -·-
553 2500 640 2543 nemo
669 2482 748 2542 enim
774 2482 884 2543 obiciet
904 2483 967 2543 Divi
989 2482 1046 2544 lali
1070 2483 1218 2564 Oedipum

145 2603 187 2614 —-
202 2568 313 2629 Seneca
337 2575 497 2645 utramque
518 2567 575 2627 sibi
592 2566 721 2642 adscivit,
745 2575 778 2627 ut
793 2585 868 2645 qaae
883 2565 1035 2630 affectibus
1052 2567 1218 2649 depingen-

145 2654 190 2714 dis
213 2653 371 2732 praecipue
391 2660 478 2730 aptae
501 2659 610 2713 essent.
648 2652 749 2712 eodem
772 2652 898 2713 consilio
919 2652 955 2714 ab
978 2652 1123 2732 Euripide
1141 2653 1219 2716 ller-

89 2774 92 2780 ·
144 2739 240 2799 colem
269 2743 419 2799 mutuatus
447 2742 491 2796 est
518 2755 607 2815 quem
637 2754 692 2796 neo
716 2734 895 2797 Graecorum
919 2736 1027 2799 nobilis
1049 2747 1139 2816 poeta
1161 2758 1219 2800 nec

143 2822 295 2883 Romanus
317 2828 434 2900 praeter
451 2821 538 2882 illum
566 2829 746 2883 tractaverat
761 2823 799 2898 1⁵)
841 2825 1092 2900 Agamemnonem
1116 2823 1218 2885 Livius

144 2990 228 3036 visere
246 2987 365 3036 Averni?
390 2987 436 3040 sed
453 2986 486 3040 cl.
496 2985 589 3040 Phaed.
599 2989 649 3041 649
666 2991 830 3053 monstrique
849 3003 956 3038 caecam
975 2987 1067 3041 Cnosia·
1083 2989 1152 3040 vidit
1169 2990 1218 3041 do-

143 3069 222 3104 mum.
249 3053 307 3104 Tro.
318 3057 364 3106 aar
387 3055 483 3106 liberos
504 3052 589 3106 Troas
606 3054 674 3106 aide.
701 3053 933 3119 0v.tast.111,roa
951 3056 997 3107 ille
1015 3056 1124 3122 quidem
1141 3059 1217 3109 eaelo

141 3126 244 3202 positus
261 3123 332 3173 Ionis
356 3126 428 3174 atria
450 3122 518 3176 vidit
540 3128 566 3172 ot
589 3128 659 3173 tenet
684 3125 712 3173 ira
734 3138 833 3187 magno
853 3124 950 3190 ternpla
968 3123 1060 3174 dicata
1077 3123 1148 3185 foro.
1185 3126 1218 3178 cl.

140 3192 261 3324 Sealrgqu
278 3190 311 3310 did
320 3190 386 3309 rddd'
400 3191 742 3320 dliddftcddltpemddsleddea
761 3257 949 3325 tragoediarum
966 3263 1071 3312 auctore
1089 3275 1140 3312 non
1157 3260 1217 3314 leve

142 3331 317 3393 argumentum
336 3330 363 3378 et
379 3341 436 3378 mea
453 3325 556 3393 quidem
574 3326 699 3378 sententia
724 3342 770 3394 per
789 3341 817 3379 se
834 3325 965 3380 sufficiens
982 3327 1030 3378 boc
1048 3327 1107 3380 loco
1123 3344 1218 3382 conse·

140 3397 192 3446 cuti
208 3409 305 3447 sumus.
1046 3424 1050 3431 ,

229 3463 260 3527 ¹⁶)
277 3463 304 3514 in
321 3462 468 3514 universum
484 3461 518 3513 ad
536 3460 658 3515 Senecam
676 3477 778 3528 quoque
796 3462 888 3514 attinet
911 3461 979 3528 quod
997 3461 1030 3514 ad
1042 3463 1148 3531 priores
1162 3463 1219 3516 Ro-

141 3544 272 3581 manorum
291 3531 421 3597 tragicos,
440 3531 543 3583 scilicet
559 3530 709 3598 plerumque
726 3531 790 3583 intra
810 3531 884 3582 triuro
900 3528 1049 3598 tragoediae
1063 3531 1216 3598 principun

141 3602 290 3664 argumenta
308 3598 459 3651 Graecorum
480 3599 620 3652 imitatores
644 3613 672 3650 se
694 3598 860 3651 continuisse.
895 3599 999 3665 saepius
1019 3599 1052 3650 ab
1076 3599 1130 3651 illis
1147 3612 1217 3653 unes

140 3666 267 3718 Pacuvius
291 3666 399 3718 recessit
418 3667 464 3732 qui
487 3668 512 3718 in
530 3667 663 3719 Duloreste
680 3666 759 3719 lllona
776 3665 852 3718 ldedo
872 3671 899 3718 et
917 3665 1025 3719 tortasse
1043 3666 1168 3720 Periboea
1187 3673 1217 3720 et

146 3732 258 3784 tanna
275 3738 424 3799 argumenta
443 3741 502 3801 post
518 3735 576 3786 lluri
596 3735 663 3788 idem
680 3749 788 3787 scaenae
805 3735 898 3786 tradita
915 3735 1046 3799 uacuum
1072 3735 1169 3788 Ennius
1185 3735 1215 3789 in

176 3798 251 3866 atum
277 3801 310 3853 de
333 3800 431 3853 Naevio
453 3802 516 3853 nibil
541 3752 654 3855 addrmo.
695 3816 796 3870 perraro
822 3803 848 3853 in
870 3806 909 3854 tot
933 3802 1074 3855 tabularum
1096 3803 1219 3870 reliquiis

184 3863 231 3944 tigre
254 3883 330 3933 quem
352 3874 452 3988 qraeter
469 3869 641 3950 Melanippum
664 3870 891 3989 qutaemnestram
912 3876 939 3923 et
962 3871 1072 3952 tortasse
1093 3870 1216 3951 Hellenas

184 3946 225 3985 aaa
246 3938 283 3987 ab
302 3934 354 4004 Sop
374 3937 431 3990 ocle
453 3937 573 4006 Earrprde
594 3937 722 4006 deschpo
745 3952 885 4006 rumpsrsse
911 3938 999 3993 credo:
1026 3939 1116 3992 titulos
1141 3953 1240 3993 emn-
