2580 4366
114 164 154 228 82
532 183 570 224 nn
593 181 762 225 ruonmssis.

113 342 221 411 samur,
250 341 385 413 tempore
406 333 485 412 quod
508 333 543 394 ad
567 333 694 413 captivas
715 332 787 394 illuc
813 332 962 394 ducendas
985 336 1191 400 necessarium

112 419 151 482 sit
176 419 348 492 interiecto;
386 418 417 479 in
446 417 616 481 Phoenissis
643 419 731 479 modo
759 417 871 479 locasta
902 435 970 479 cum
1003 419 1131 484 satellite
1159 431 1192 485 et

113 503 260 582 Antigona
289 503 320 564 in
350 510 432 564 turre
461 510 582 565 steterat
609 503 747 582 aciesque
772 503 888 564 eminus
910 503 1188 585 adpropinquantes

111 596 320 668 prospexerat3
344 587 438 648 citatis
459 587 597 667 gradibus
619 588 749 649 decurrit
763 587 793 648 in
809 605 961 667 campum:
986 590 1084 652 statim
1107 610 1189 653 cam-

111 692 169 755 pus
197 673 261 753 ipsc
289 681 356 735 ante
385 672 487 734 oculos
515 673 654 753 ponitur,
684 673 799 752 agmina
824 673 931 734 tratres
951 681 1046 737 mater
1067 684 1186 739 utrum·

111 776 170 836 que
191 758 363 837 deprecans.
401 758 457 818 iam
481 757 506 818 si
528 758 595 837 quis
617 759 776 820 contendat
796 768 830 819 ut
851 775 976 819 scaenae
997 759 1189 823 traderentur

111 843 164 904 has
191 843 355 921 tragoedias
382 843 508 922 scriptas
536 862 598 904 non
628 861 708 917 esse,
738 843 776 903 ita
805 850 902 904 tamen
929 861 979 905 eas
1005 845 1185 924 compositas

111 945 176 989 esse
199 929 341 989 concedet
362 936 396 988 ut
418 928 534 1007 possint
554 928 585 988 in
608 945 714 1005 scaena
737 927 801 1006 agi,
828 937 857 988 et
886 927 975 989 trium
997 938 1131 992 actorum
1154 941 1185 993 ct

111 1013 253 1092 temporis
275 1011 393 1091 locique
415 1012 530 1091 legibus
553 1012 663 1092 ubique
686 1011 856 1073 observatis.
893 1012 991 1092 itaque
1006 1014 1084 1076 banc
1100 1033 1183 1076 scae·

111 1115 179 1159 nam
202 1116 262 1158 non
286 1097 406 1176 scripsit
428 1097 539 1158 Seneca
562 1117 596 1158 co
620 1097 744 1158 consilio
774 1106 806 1158 ut
828 1097 951 1158 solidam
973 1099 1043 1160 inde
1065 1106 1182 1179 tragoe-

111 1181 187 1243 diam
215 1182 325 1243 laceret
352 1200 408 1241 nec
436 1182 548 1262 populo
578 1183 766 1261 spectandam
796 1200 851 1242 nec
873 1182 974 1244 amicis
995 1183 1182 1260 audiendam,

110 1285 212 1327 verum
234 1274 267 1328 ut
289 1275 390 1347 aptum
414 1266 617 1328 declamationi
633 1267 782 1328 suasoriae
797 1275 1016 1346 argumentum,
1039 1268 1182 1331 locastam

110 1352 222 1413 scilicet
249 1351 325 1411 tilios
353 1369 424 1412 suos
453 1351 488 1412 ab
518 1351 621 1414 ultimo
650 1351 772 1413 discidio
795 1352 1018 1428 dehortantem,
1048 1354 1181 1416 versibus

109 1443 256 1499 tractaret.
302 1443 422 1497 externa
445 1443 557 1511 autem,
585 1444 619 1497 ut
648 1437 679 1497 in
701 1436 851 1516 prioribus
873 1437 1046 1516 fragmentis
1068 1458 1106 1500 ex
1127 1441 1179 1500 So-

109 1522 226 1600 phocle,
249 1521 280 1581 in
303 1521 361 1581 hoc
383 1539 417 1580 ex
439 1521 582 1600 Euripide
604 1522 739 1601 sumpsit.

194 1605 281 1667 simili
301 1605 426 1667 consilio
441 1605 558 1684 priores
573 1605 710 1668 Herculis
726 1604 836 1679 Oetaei,
860 1605 953 1685 qualis
977 1625 1060 1667 nunc
1076 1608 1182 1682 lertur,

109 1709 229 1753 scaenas
260 1690 403 1768 originem
434 1691 540 1752 debere
569 1691 666 1752 credo.
711 1708 791 1752 mera
817 1689 987 1753 declamatio
1010 1701 1055 1753 est
1078 1693 1181 1754 conlo·

109 1777 212 1856 quium
234 1776 311 1837 inter
327 1775 492 1837 Deianiram
515 1784 544 1837 et
566 1776 722 1850 nutricem,
745 1777 815 1837 item
833 1774 968 1836 Herculis
991 1794 1108 1852 sermo;
1130 1778 1180 1841 ad·

108 1861 177 1922 iecit
199 1861 391 1923 Oechalidum
415 1868 444 1921 et
465 1860 540 1922 Ioles
562 1861 687 1922 lamenta
711 1859 810 1940 lyricis
832 1860 964 1922 numeris
986 1867 1118 1924 tractata.
1151 1872 1180 1925 ct

107 1946 168 2008 illic
190 1946 295 2006 diversi
318 1953 388 2006 sunt
410 1945 559 2007 actionum
581 1946 639 2006 loci
663 1956 692 2007 et
714 1946 744 2007 in
768 1945 926 2006 indicando
948 1946 1015 2026 loco
1031 1964 1087 2026 per
1106 1947 1180 2009 ller-

108 2031 183 2093 culis
205 2047 371 2091 sermonem
395 2031 498 2091 similis
522 2031 717 2109 neglegentia.
748 2030 860 2092 Seneca
882 2029 972 2108 igitur
991 2050 1030 2092 ne
1044 2032 1099 2094 bas
1113 2033 1179 2111 qui-

108 2117 172 2177 dem
196 2134 317 2177 scaenas
339 2115 374 2174 ad
396 2115 610 2194 perficiendum
633 2115 796 2176 destinavit.
833 2115 883 2176 sed
908 2115 1052 2177 successit
1073 2117 1122 2178 cni
1143 2117 1178 2178 ad

107 2200 260 2279 ingenium
290 2199 487 2260 exercendum
516 2201 634 2261 eaedem
662 2201 833 2261 viderentur
864 2199 1025 2278 appositae.
1078 2210 1179 2263 contra

107 2303 230 2345 scaenae
248 2282 477 2344 Phoenissarum
500 2283 621 2345 nomine
643 2286 819 2346 coniunctae
835 2303 901 2345 cum
918 2285 985 2363 plus
1001 2285 1181 2349 difficultatis

108 2369 305 2430 continuatori
327 2367 517 2446 praeberent,
541 2369 672 2447 integrae
695 2370 814 2431 relictae
837 2378 907 2430 sunt
929 2370 1081 2449 uniusque
1103 2370 1179 2433 tituli

107 2453 253 2535 praesidio
275 2453 414 2513 munitae.

542 2589 745 2598 ——--—-

191 2705 246 2767 Hic
267 2706 428 2768 subsistere
448 2725 567 2786 possem
591 2707 647 2767 nisi
671 2706 825 2768 difficultas
847 2706 877 2767 in
897 2707 987 2769 altera
1009 2727 1116 2773 scaena
1130 2729 1177 2773 rc·

105 2791 172 2853 licta
195 2799 274 2852 esset
296 2810 372 2871 quae
394 2810 449 2853 nec
472 2792 685 2872 praetereunda
708 2791 855 2853 rideretur
876 2800 905 2853 et
918 2793 1052 2873 paullum
1067 2795 1178 2857 maiore

106 2875 312 2956 disputationis
335 2876 444 2937 ambitu
468 2877 627 2938 tractanda.
658 2894 774 2955 nempe,
798 2877 878 2956 qnod
893 2878 923 2938 in
940 2879 1041 2957 priore
1056 2898 1176 2961 quoque

105 2961 259 3037 acciderat,
282 2960 363 3022 valde
385 2962 415 3022 in
439 2962 493 3022 bac
508 2961 719 3023 declamatione
734 2961 874 3024 diiierunt
888 2962 915 3023 E
928 2961 996 3024 etii
1015 2964 1047 3024 in
1063 2966 1175 3028 scaenis

105 3047 300 3109 discribendis
323 3055 352 3106 et
372 3045 568 3107 inscribendis
591 3045 787 3126 personisque
813 3047 958 3109 notandis.
1003 3049 1035 3110 in
1058 3048 1082 3110 l
1104 3051 1175 3113 baec

104 3152 209 3195 scaena
238 3151 305 3193 cum
329 3130 490 3210 Oedipodis
518 3132 548 3192 in
578 3131 654 3193 filios
683 3131 894 3211 imprecatione
924 3132 1061 3196 cohaeret
1084 3134 1175 3215 (qnod

103 3218 183 3279 Italis
198 3217 374 3298 quibusdam
390 3216 550 3296 displicuit,
564 3217 616 3296 qui
630 3235 734 3278 novam
748 3215 938 3278 incoharere:
954 3217 987 3278 N
999 3237 1058 3282 sec.
1073 3236 1173 3293 manu,

103 3301 299 3383 Rehdigeran.
325 3305 392 3378 ttt;
422 3321 437 3362 a
460 3321 486 3362 v.
509 3303 570 3365 403
595 3319 668 3362 nova
690 3320 795 3363 scaena
817 3302 922 3382 incipit
943 3302 1088 3385 inscripta
1109 3303 1176 3367 Ant.

103 3386 159 3449 loc.
183 3389 275 3450 Nunt.
299 3388 341 3464 (id
364 3405 482 3468 quoque
505 3394 649 3448 mutatum
671 3387 702 3447 in
729 3386 919 3466 quibusdam:
950 3386 1021 3448 MN
1041 3422 1084 3434 -
1106 3390 1125 3450 i.
1148 3407 1175 3451 e.

103 3471 238 3532 Melissco
255 3507 296 3518 -
311 3473 433 3551 Rebdig.
453 3475 488 3535 11
515 3472 650 3533 Gothano
666 3472 755 3549 256);
779 3472 848 3534 item
871 3489 946 3532 nova
968 3491 984 3533 a
1006 3492 1031 3533 v.
1048 3476 1111 3538 443
1127 3473 1176 3536 cui

104 3555 134 3616 in
163 3557 301 3617 omnibus
329 3557 503 3620 inscribitur
525 3556 581 3620 loc.
605 3557 666 3618 Pol.
691 3557 800 3618 omisso
830 3556 960 3618 Eteocle.
1005 3557 1037 3619 in
1059 3558 1175 3621 Ereto

104 3642 272 3704 toa-664
291 3660 350 3702 una
365 3661 470 3703 scaena
486 3650 530 3703 est
548 3642 690 3721 inscripta
705 3642 761 3704 loc.
777 3640 839 3704 Sat.
856 3641 916 3705 Pol.
933 3640 1053 3704 Eteocl:
1076 3643 1178 3705 addito

103 3725 223 3787 Eteocle
251 3726 359 3786 omissa
388 3728 533 3806 Antigona
562 3734 673 3788 mutato
705 3727 809 3787 nuntio
839 3729 869 3787 in
901 3726 1066 3789 satellitem.
1112 3728 1179 3791 eins

103 3810 220 3890 generis
250 3810 463 3889 discrepantiae
496 3812 540 3873 his
570 3814 600 3874 in
631 3811 788 3890 tragoediis
816 3829 1030 3891 saepenumero
1059 3812 1179 3876 inrcni·

101 3904 211 3971 untur,
242 3907 274 3956 ut
301 3896 337 3956 de
365 3895 489 3974 singulis
516 3897 659 3960 iudicium
683 3897 752 3958 ferri
777 3906 904 3977 nequeat
925 3904 1085 3977 antequam
1108 3898 1181 3961 uni·
