2580 4366
567 221 698 265 rutenus

95 367 205 441 lledea,
228 367 479 429 reddetfeminas
502 369 598 431 dirum
622 388 726 447 genus.

93 471 177 512 nvrn.
223 452 282 513 Cur
305 453 439 514 omnium
460 455 492 515 tit
515 454 601 534 culpa
624 475 783 535 paucarum
807 457 929 522 scelus?

94 556 169 598 mor.
221 538 357 599 Detestor
379 557 492 614 omnes,
515 539 622 601 horreo
644 542 728 620 logio
751 562 882 607 execror.

95 624 135 684 sit
155 623 239 698 ratio,
263 623 301 683 sit
323 633 438 698 natura,
461 625 500 686 sit
522 625 604 686 diros
626 625 724 687 furor:

95 707 192 768 odisse
214 708 333 787 placuit.
378 708 497 788 ignibus
518 711 626 789 iunges
648 729 739 790 aquas

95 803 124 853 et
145 792 237 854 amica
260 792 372 855 ratibus
395 803 462 856 ante
484 796 637 874 promittet
658 797 728 858 vada

94 879 206 938 incerta
229 879 333 958 Syrtis,
357 887 425 940 ante
448 879 483 940 ab
507 889 637 942 extremo
661 882 729 943 sinu

94 962 237 1042 Hesperia
260 964 369 1043 Tethys
392 964 523 1026 lucidum
546 965 658 1027 attollet
679 966 757 1028 diem

94 1058 124 1108 et
146 1067 198 1108 ora
220 1049 342 1109 dammis
364 1049 470 1110 blanda
493 1050 678 1129 praebebunt
699 1052 775 1132 lupi,

93 1151 181 1210 quam
204 1134 298 1194 victus
320 1135 451 1196 animum
473 1134 599 1200 lerninae
622 1137 722 1198 mitem
746 1156 855 1215 geram.

92 1236 177 1279 nvra.
222 1219 317 1299 Saepe
339 1218 492 1281 obstinatis
514 1220 611 1282 induit
632 1221 733 1284 frenos
754 1224 845 1284 Amor

93 1312 123 1363 et
145 1303 211 1365 odia
233 1312 335 1365 mutat.
379 1323 471 1382 regna
493 1314 623 1368 materna
650 1308 764 1386 aspice:

92 1387 159 1448 illae
181 1389 295 1449 seroces
318 1390 451 1450 sentiunt
473 1389 596 1452 Veneris
618 1391 737 1469 iugum3

91 1473 208 1534 testaris
230 1475 309 1534 istud
333 1476 440 1535 unicus
463 1476 558 1552 gentis
582 1494 665 1555 puer.

91 1576 166 1618 aron.
218 1559 357 1620 Solamen
380 1578 473 1620 unum
497 1561 598 1621 matris
620 1562 743 1622 amissae
765 1563 839 1638 lero,

93 1644 190 1703 odisse
213 1646 291 1722 quod
315 1646 372 1705 iam
395 1645 519 1705 seminas
543 1664 646 1706 omnes
668 1646 769 1707 licet.-

91 1747 176 1788 nvrn.
222 1728 258 1789 Vt
280 1729 352 1790 dura
375 1740 475 1790 cautes
497 1731 629 1808 undique
652 1729 844 1791 intractabilis

92 1813 203 1875 resistit
225 1814 313 1875 undis
336 1821 364 1874 et
386 1814 564 1878 lacessentes
586 1833 677 1895 aquas

91 1897 181 1976 longe
204 1899 335 1974 remittit,
358 1899 445 1960 verba
468 1898 511 1960 sic
534 1900 649 1979 spernit
670 1919 746 1961 mea.

177 1983 234 2044 Sed
257 1984 389 2045 Phaedra
411 2003 555 2064 praeceps
577 1985 719 2063 graditur,
743 1984 899 2063 impatiens
921 2003 1030 2047 morae.

91 2085 151 2146 quo
174 2087 206 2129 se
228 2068 307 2130 dabit
329 2066 472 2131 fortuna?
495 2089 555 2148 quo
577 2079 678 2148 verget
700 2068 808 2132 furor?

91 2160 186 2214 terrae
208 2163 331 2233 repente
355 2172 464 2234 corpus
487 2154 654 2216 emnimum
677 2155 781 2216 accidit

91 2247 120 2298 et
143 2256 193 2298 ora
216 2240 303 2299 morti
327 2240 430 2300 similis
452 2239 575 2303 obduxit
597 2241 688 2301 color.

89 2322 188 2384 attolle
210 2325 318 2401 vultus,
341 2325 455 2385 dimove
477 2326 558 2387 vocis
578 2343 692 2386 moras:

89 2416 160 2468 tuus
183 2427 230 2484 en,
253 2410 381 2484 alumna,
405 2419 494 2471 temet
517 2410 693 2491 Hippolytus
715 2417 805 2471 tenet.

447 2561 626 2623 PHAEDRA

175 2660 247 2731 Quis
269 2680 317 2722 me
339 2662 433 2723 dolori
456 2663 552 2724 reddit
573 2670 661 2742 atque
684 2671 782 2724 aestas
805 2680 907 2740 graves

88 2746 209 2825 reponit
230 2744 353 2807 animo?
397 2765 484 2825 qnam
507 2747 584 2811 hene
606 2747 771 2808 excideram
794 2747 882 2808 mihil

88 2828 163 2891 inor.
214 2829 272 2893 Cur
294 2831 379 2892 dolce
401 2850 511 2893 munus
533 2832 663 2893 redditae
684 2832 760 2893 lucis
782 2829 884 2910 fugis?

88 2934 134 2975 ra.
212 2916 306 2990 dude,
328 2917 434 2991 anime,
456 2926 575 2997 tempta,
598 2935 706 2996 perage
728 2917 896 2978 mandatum
918 2927 1014 2980 tuum.

90 3000 237 3080 intrepida
260 3011 398 3062 constent
419 3000 522 3062 verba:
547 3002 598 3080 qni
621 3001 721 3062 timide
744 3011 827 3080 rogat

90 3086 176 3147 docet
198 3105 315 3164 negare.
360 3104 465 3163 magna
488 3105 556 3166 pars
578 3086 698 3148 sceleris
721 3087 778 3147 mei

90 3170 160 3230 olim
183 3181 301 3251 peracta
324 3183 383 3245 est;
408 3190 492 3233 serus
515 3179 559 3232 est
583 3171 669 3232 nobis
692 3172 805 3251 pudor:

88 3256 248 3318 amavimus
270 3256 406 3317 nefanda.
451 3257 475 3316 si
498 3265 602 3336 coepta
625 3275 780 3335 exsequor,

175 3478 224 3526 565
243 3489 287 3525 cor
305 3475 336 3538 Ε,
357 3481 506 3525 correctam
520 3490 535 3523 a
547 3475 719 3523 rubricatam
771 3475 822 3526 566
841 3472 923 3524 omnis
941 3473 966 3523 Ε
1018 3475 1066 3525 567
1087 3472 1186 3526 durus·

88 3541 139 3592 BA
157 3558 226 3593 corr.
247 3546 267 3604 ς
284 3543 406 3608 (Aldina)
478 3545 528 3595 574
545 3544 660 3592 nutricis
678 3557 773 3591 nomen
791 3557 852 3606 om,
870 3540 934 3592 aaa.
953 3556 1049 3591 manus
1066 3542 1099 3592 de
1111 3557 1164 3607 qua

88 3610 149 3660 vide
166 3611 188 3674 1,
206 3610 239 3661 17
258 3612 315 3674 (udi
329 3627 381 3676 pro
399 3611 450 3662 634
467 3627 505 3676 aq.
521 3609 675 3677 ponendum
692 3608 838 3673 582-644,
856 3612 874 3659 i.
893 3626 915 3663 e.
933 3606 982 3668 fol.
999 3608 1045 3661 75l
1064 3615 1090 3660 et
1107 3610 1164 3674 76²]

88 3678 113 3729 Ε
188 3682 236 3732 stt
256 3678 358 3744 genitus
377 3693 440 3746 puer
457 3680 482 3731 A
556 3680 605 3730 579
624 3677 707 3728 omnis
725 3677 749 3726 E
825 3677 1011 3730 testacearios
1029 3692 1084 3728 una
1104 3694 1164 3729 cum

88 3746 209 3811 scholiis,
233 3747 323 3798 littera
341 3747 359 3798 L
377 3749 460 3797 rubro
485 3752 511 3797 et
534 3747 650 3796 aliarum
674 3746 844 3810 quarundam
868 3747 988 3811 vestigiis
1006 3747 1038 3809 (c.
1059 3762 1087 3811 g.
1106 3747 1164 3810 [slic

88 3811 165 3881 [slpel
183 3815 285 3866 relictis
302 3815 344 3878 E;
368 3818 393 3864 Σ
409 3821 441 3866 eat
457 3815 483 3865 A
552 3817 601 3867 584
619 3812 745 3879 vergitlt'
819 3817 869 3866 565
888 3817 992 3880 repente
1010 3817 1092 3866 terroe
1109 3830 1165 3866 cor·

88 3896 138 3947 pus
155 3883 299 3935 exanimum
322 3883 390 3936 cadit
406 3886 429 3933 A
503 3885 554 3936 569
572 3897 657 3933 nacae
680 3897 792 3932 scaenae
814 3882 973 3933 inscribitur
997 3881 1112 3934 Phaedra
1136 3887 1164 3934 et

86 3948 153 4001 idem
173 3951 197 4002 Ε
214 3950 309 4004 Phaed.
329 3951 402 4020 Hipp.
422 3951 495 4004 Nutr.
513 3951 538 4002 A
608 3951 655 4002 591
675 3949 813 4001 Phaedrae
831 3953 1006 4003 continuatur
1024 3951 1049 4002 A
