2580 4366
126 199 186 264 128
507 223 535 264 n.
558 222 664 283 anunm
685 222 812 266 senecae

123 391 209 436 cnon.
253 373 317 445 Qua
338 372 441 434 fraude
465 370 564 452 capti?
651 393 734 458 uvnr.
769 374 833 446 Qua
856 375 952 436 solent
973 393 1058 456 reges
1081 377 1165 458 capi:

125 459 222 521 donis.
310 476 395 519 cuon.
429 457 463 518 ln
487 458 545 518 illis
567 476 632 520 esse
656 459 723 538 quis
744 460 843 538 potuit
865 457 973 523 dolus?

125 563 209 605 nvnr.
248 543 295 604 m
317 543 382 623 ipse
403 543 496 603 miror
517 543 623 623 vixque
645 543 702 604 iam
724 543 802 606 lacto
824 544 900 606 malo

125 628 258 708 potuisse
280 628 344 690 fieri
367 628 466 689 credo.
510 629 578 708 quis
600 629 690 689 cladis
712 627 841 691 modus?

124 713 226 775 avidus
247 731 303 792 per
324 731 442 775 ornnem
465 715 563 792 regiae
585 724 699 792 partem
720 713 793 775 furit

124 807 160 860 ut
180 798 281 860 iussus
302 798 397 878 ignis:
421 799 478 859 iam
502 798 606 859 domus
628 807 690 862 tota
712 799 828 875 occidit,

126 882 194 946 urbi
215 883 358 946 timetur.¹
434 902 517 945 cnon.
550 883 633 945 Vnda
655 884 786 945 dammas
808 884 965 964 opprimat.

125 987 209 1030 nvur.
257 970 295 1031 Et
316 970 374 1030 hoe
396 968 427 1030 in
451 969 505 1030 ista
529 967 610 1030 clade
631 969 799 1030 mirandum
822 969 943 1031 acciditt

125 1052 177 1116 alit
199 1055 276 1116 unda
299 1059 446 1128 dommac,
469 1071 589 1133 quoque
611 1054 786 1134 prohibetur
808 1055 911 1134 magis,

126 1138 219 1223 magis
232 1140 324 1210 ardet
344 1139 438 1219 ignis:
462 1140 526 1218 ipsa
548 1139 693 1219 praesidia
716 1148 852 1221 occupat.

414 1307 558 1369 NVTRIX

211 1411 292 1472 Effer
316 1410 437 1472 citatum
459 1411 529 1471 sede
551 1409 678 1489 Pelopea
701 1411 834 1490 gradum,

127 1496 245 1574 Medea,
268 1513 412 1577 praeceps
435 1494 580 1574 quaslibet
601 1506 694 1557 terras
716 1504 794 1576 pete.

418 1665 550 1728 llllllEA

213 1769 318 1848 Egone
340 1774 374 1829 ut
395 1764 554 1828 recedam?
577 1767 602 1828 si
625 1768 824 1847 profugissem
846 1768 962 1847 prius,'

129 1855 165 1917 ad
186 1855 245 1915 hoe
267 1852 405 1914 redirem.
450 1852 569 1932 nuptias
592 1861 694 1932 specto
718 1871 816 1914 novas.

129 1940 216 2019 qnid,
239 1939 354 2014 anime,
377 1936 495 1998 cessas?
517 1954 642 2016 sequere
665 1937 781 1999 felicem
803 1939 956 2017 impetum.

129 2044 199 2105 pars
221 2023 343 2085 ultionis
365 2023 434 2098 ista,
459 2041 516 2101 qua
539 2022 663 2101 gaudes,
686 2031 776 2102 quota
799 2021 866 2084 est?

129 2128 209 2172 amas
231 2108 344 2184 adhuc,
365 2106 493 2181 furiose,
516 2107 541 2169 si
564 2107 634 2168 satis
656 2116 702 2169 est
722 2108 775 2169 tibi

130 2194 245 2256 caelebs
266 2192 364 2254 lason.
408 2210 517 2271 quaere
539 2211 704 2272 poenarum
727 2211 822 2271 genus

130 2281 202 2341 haut
223 2278 363 2340 usitatum
384 2277 502 2356 iamque
524 2279 568 2338 sio
590 2289 679 2340 temet
701 2295 787 2358 para:

130 2365 174 2425 sas
197 2381 285 2424 omne
308 2363 407 2437 cedat,
429 2362 514 2422 abeat
535 2362 677 2441 expulsus
698 2363 813 2442 pudor;

129 2449 257 2510 vindicta
277 2448 350 2509 levis
373 2455 417 2508 est
439 2465 526 2526 quarn
548 2448 650 2508 lerunt
672 2466 765 2529 purae
786 2466 901 2510 manus.

130 2533 270 2595 incumbe
292 2532 323 2593 in
346 2531 405 2593 iras
426 2541 516 2611 teque
537 2531 727 2612 languentem
750 2533 843 2595 excita

130 2611 311 2699 penitusque
332 2624 446 2678 veteres
468 2626 588 2696 pectore
611 2636 647 2678 ex
669 2618 728 2679 imo
751 2618 881 2696 impetus

130 2703 279 2766 violentus
300 2702 396 2763 hauri.
440 2701 583 2781 quidquid
606 2703 766 2764 admissum
789 2714 834 2765 est
854 2703 960 2776 adhuc,

131 2789 226 2869 pietas
249 2797 380 2848 vocetur.
424 2786 482 2848 hoc
504 2805 558 2866 age
580 2796 609 2848 et
629 2787 703 2849 saxis
725 2788 820 2850 sciant

132 2892 220 2954 quarn
243 2872 317 2934 levia
338 2872 451 2933 luerint
473 2890 621 2951 quamque
642 2872 771 2951 vulgaris
793 2880 881 2936 notae

133 2978 209 3039 qnae
232 2957 412 3018 commodavi
436 2957 556 3018 scelera.
600 2957 730 3037 prolusit
751 2957 837 3020 dolor

132 3062 187 3124 per
209 3045 264 3105 ista
286 3050 401 3104 noster:
426 3041 498 3121 quid
520 3060 626 3104 manus
648 3050 786 3123 poterant
806 3043 897 3105 rudes

131 3129 242 3191 audere
263 3123 428 3207 magnum?
450 3128 522 3206 quid
543 3126 685 3207 puellaris
708 3125 813 3190 luror‘l

132 3215 234 3282 Medea
257 3231 339 3274 nunc
361 3231 445 3288 sum;
468 3212 560 3274 crevit
580 3211 736 3292 ingenium
757 3212 852 3275 malis.

218 3299 315 3373 Iuvat,
338 3298 417 3358 iuvat
438 3298 574 3376 rapuisse
595 3299 759 3359 fraternum
782 3306 887 3379 caput;

133 3392 214 3447 artus
236 3385 316 3446 iuvat
338 3383 470 3454 secuisse
493 3391 522 3444 et
544 3401 652 3445 arcano
674 3391 787 3463 patrem

134 3470 277 3551 spoliasse
299 3486 397 3545 sacro,
419 3468 498 3530 iuvat
519 3467 549 3529 in
573 3468 694 3531 exitium
720 3469 801 3530 senis

220 3689 270 3741 882
289 3693 360 3738 totus
378 3687 460 3737 adoro
478 3685 560 3739 datur
577 3685 602 3737 Ε
661 3688 711 3739 884
725 3700 767 3753 qu.
786 3685 818 3739 cl.
837 3701 871 3738 m.
890 3687 972 3738 odoro
991 3686 1115 3737 tribuunt
1132 3685 1210 3739 codd.

134 3759 244 3808 corraei
295 3758 342 3809 891
363 3771 494 3821 personae
510 3761 602 3806 notam
621 3769 672 3808 om.
688 3754 715 3806 Ε
767 3757 816 3808 897
831 3754 927 3807 furiosa
945 3753 1022 3808 codd.
1040 3758 1151 3806 correxi
1161 3755 1208 3819 (cs.

134 3839 159 3876 o.
176 3823 238 3887 904)
308 3824 358 3876 899
376 3822 469 3876 haustu
487 3823 593 3875 citatum
611 3823 636 3874 Ε
703 3824 752 3875 901
770 3837 866 3890 parvae
885 3837 976 3876 manus
993 3823 1018 3874 A
1087 3825 1139 3876 904
1155 3824 1212 3875 vio·

132 3891 229 3944 lentim
245 3895 272 3957 ς.
290 3918 324 3929 -
343 3889 409 3943 adm.
429 3891 487 3945 adli.
506 3895 546 3944 est
562 3891 588 3941 li
654 3892 705 3943 905
722 3890 781 3942 saxo
799 3890 876 3943 codd.
894 3894 1005 3944 correct
1069 3893 1118 3944 901
1157 3906 1212 3945 rce-

133 3959 195 4013 lusit
212 3963 232 4025 ς
300 3960 350 4012 912
369 3963 439 4012 ortus
457 3959 482 4010 Ε
550 3960 600 4012 913
618 3958 736 4013 exitium:
754 3958 867 4011 alteram
884 3959 893 4010 i
911 3960 973 4013 cdd.
991 3958 1061 4014 1-2
1071 3975 1106 4013 m.
