2580 4366
154 199 215 262 100
537 217 564 258 n.
586 216 692 259 aunam
712 217 838 260 snuncan

151 388 198 430 nn.
277 366 352 428 Mori
375 365 485 428 volenti
508 366 592 428 desse
615 385 695 428 mors
719 387 881 448 numquam
904 379 1013 448 potest.

153 471 232 515 runs.
278 452 364 524 Quod
386 452 424 512 sit
445 452 588 513 luendum
610 461 706 514 morte
728 454 868 515 delictum
891 455 998 516 indica.

151 558 197 600 nn.
279 537 363 608 Quod
379 537 453 597 vivo.
487 556 567 598 runs.
582 536 733 599 Lacrimae
746 557 846 601 nonne
858 551 887 601 te
899 549 1017 602 nostrae
1029 539 1173 604 movent?
1185 552 1233 604 880

151 643 197 684 en.
277 623 358 684 Mors
381 622 491 701 optima
514 631 559 684 est
580 623 679 702 perire
700 623 913 686 lacrimandum
936 625 1007 686 suis.

152 729 232 770 runc.
278 708 372 769 Silere
394 708 501 786 pergit.
545 708 668 769 verbere
689 726 723 769 ac
745 709 849 770 vinclis
871 729 946 772 anus

152 794 297 873 altrixque
319 792 426 872 prodet
448 792 591 872 quidquid
613 794 762 854 haecfari
784 794 897 856 abnuit.

152 879 260 941 vincite
282 878 373 939 ferro.
416 878 572 940 verberum
593 877 637 938 ris
660 878 792 939 extrahat
872 953 876 963 ἢ

152 973 265 1026 secreta
287 963 405 1023 mentis,
449 982 495 1023 nn.
540 962 608 1043 lpsa
630 963 687 1024 iarn
710 963 803 1041 fabor,
825 982 922 1025 mane.
1186 977 1231 1028 885

153 1068 233 1111 rane.
278 1049 424 1120 Quidnam
448 1067 500 1109 ora
522 1055 631 1108 maesta
652 1048 758 1109 avertis
782 1057 809 1109 et
832 1049 968 1111 lacrimas
991 1051 1076 1130 genis

152 1135 250 1197 subite
274 1142 390 1193 coortas
412 1141 492 1193 veste
514 1141 666 1212 praetenta
689 1132 826 1212 optegisl
893 1190 895 1193 ,

152 1240 199 1281 en.
278 1218 330 1294 Te,
353 1225 391 1293 te,
416 1225 530 1278 creator
552 1218 699 1292 caelitum,
724 1227 828 1279 testem
852 1220 957 1281 invoco

153 1313 183 1368 et
204 1314 243 1381 te,
266 1321 423 1364 coruscum
447 1302 522 1363 lucis
544 1303 690 1366 aetheriae
713 1303 807 1378 iubar,

153 1391 170 1454 't
195 1409 231 1451 ex
253 1389 338 1450 cuius
362 1397 428 1448 ortu
452 1396 553 1448 nostra
576 1388 723 1467 dependet
744 1388 864 1449 domus:

152 1481 291 1555 temptata
314 1472 454 1552 precibus
477 1472 587 1547 restiti;
611 1474 690 1533 lerro
713 1492 747 1534 ac
768 1474 857 1534 minis

153 1580 215 1624 non
239 1558 327 1621 cessit
348 1558 480 1619 animus:
505 1558 561 1619 vim
585 1566 681 1619 tamen
706 1577 816 1638 corpus
838 1558 915 1620 tulit.

153 1646 247 1708 lahem
271 1646 349 1705 hanc
370 1644 494 1724 pudoris
516 1643 596 1704 eluet
618 1651 721 1704 noster
743 1662 843 1705 cruor.

154 1750 234 1792 rnna.
279 1729 362 1804 Quis,
386 1729 450 1805 ede,
473 1729 567 1789 nestri
591 1729 708 1790 deceris
731 1746 849 1790 eversor
871 1727 948 1789 tuit?

152 1835 199 1877 ru.
278 1815 372 1886 Quem
387 1832 453 1875 rere
469 1813 601 1874 minime.
645 1832 726 1874 runs.
770 1814 842 1885 Quis
863 1814 901 1875 sit
921 1814 1024 1875 audire
1046 1823 1162 1894 expeto.
1186 1826 1230 1877 800

153 1920 199 1962 nn.
280 1899 336 1961 Hic
357 1899 436 1960 dicet
457 1899 537 1959 ensis
559 1917 647 1977 quem
671 1898 799 1960 tumultu
822 1900 943 1960 territus

153 1986 246 2064 liquit,
263 1994 415 2064 stuprator
437 1984 545 2046 civium
567 2002 724 2046 accursum
745 1985 863 2045 timens.

152 2089 233 2132 runs.
278 2071 363 2142 Quod
386 2069 509 2144 facinus,
532 2069 592 2130 heu
606 2087 664 2144 me,
687 2067 801 2132 cerno?
823 2070 903 2147 quod
918 2077 1085 2129 monstrum
1105 2068 1231 2131 intuor?

152 2156 250 2234 regale
272 2156 369 2236 parvis
391 2173 529 2233 asperum
552 2155 646 2233 signis
668 2154 743 2216 ebur
813 2195 821 2210 .

153 2240 259 2320 capulo
282 2240 417 2318 refulget,
441 2239 559 2319 generis
581 2240 681 2301 Actaei
704 2240 804 2302 decus.
1185 2251 1232 2302 000

154 2327 206 2387 sed
228 2327 291 2405 ipse
314 2343 443 2403 quonam
467 2322 579 2385 evasit?
622 2343 669 2385 rn.
714 2324 751 2384 lli
773 2325 923 2405 trepidum
944 2325 1014 2404 suga

152 2411 253 2471 videre
274 2409 377 2471 lamull
400 2410 550 2471 concitum
573 2409 662 2470 celeri
684 2409 770 2489 pede.

152 2514 233 2557 runs.
277 2495 335 2556 Pro
358 2503 457 2556 sancta
478 2493 586 2571 Pietas,
609 2513 664 2575 prc
687 2493 870 2574 gubernator
891 2494 952 2572 poli

154 2591 183 2640 et
205 2582 256 2659 qui
278 2580 441 2641 secundum
464 2578 604 2642 fluctibus
626 2597 752 2657 regnum
776 2597 886 2654 morea,

152 2667 234 2727 unde
255 2666 311 2726 ista
334 2665 414 2726 venit
436 2664 554 2743 generis
576 2664 689 2726 infandi
711 2661 800 2726 lues‘l

152 2751 234 2811 hunc
257 2750 342 2812 Graia
364 2750 452 2811 tellus
474 2748 546 2810 aluit
568 2768 606 2810 an
627 2750 744 2812 Taurus
766 2749 890 2829 Scythes

154 2836 341 2915 Colchusque
363 2832 488 2895 Phasis?
511 2834 586 2895 redit
608 2835 644 2896 ad
666 2841 802 2896 auctores
826 2853 921 2913 genus

153 2922 337 3001 stirpemque
359 2920 483 3000 primam
507 2919 635 2997 degener
656 2921 777 2998 sanguis
799 2921 898 2980 refert.

154 3016 198 3068 est
219 3024 344 3085 prorsus
366 3007 421 3066 iste
444 3005 540 3084 gentis
563 3004 717 3066 armiferae
738 3005 832 3080 furer,

153 3092 250 3152 edisse
273 3090 396 3152 Veneris
418 3091 537 3151 loedere
559 3098 588 3150 et
609 3098 722 3150 castum
745 3089 795 3150 diu

154 3177 273 3256 vulgare
294 3175 415 3255 populis
438 3193 557 3254 corpus,
602 3193 620 3235 c
642 3181 751 3236 tetrum
774 3192 869 3252 genus

107 3278 110 3283 ’
154 3263 295 3341 nullaque
316 3261 426 3323 victum
450 3261 514 3341 lege
536 3260 667 3321 melioris
690 3259 761 3320 solil

153 3348 233 3408 serae
254 3364 375 3427 queque
397 3346 479 3426 ipsae
500 3344 623 3406 Veneris
645 3346 754 3406 evitant
776 3345 858 3406 nelas

142 3433 332 3510 'generisque
353 3432 435 3511 leges
458 3430 570 3491 inscius
592 3438 687 3491 servat
709 3431 815 3509 pudor.

239 3686 288 3736 ata
307 3697 445 3750 numquam
462 3683 568 3734 morsA
620 3684 669 3735 883
688 3680 827 3747 prodestE
880 3682 929 3733 889
947 3679 1082 3732 aethereae
1099 3682 1125 3732 A
1178 3684 1228 3734 890

154 3755 258 3803 conieci
275 3767 306 3803 ex
324 3753 418 3818 quibua
435 3751 563 3818 utrimque
616 3752 664 3802 899
683 3748 765 3815 liquid
782 3749 807 3798 ll
865 3751 917 3800 900
935 3748 1018 3815 gentis
1036 3750 1070 3800 A.
1090 3778 1122 3788 -
1141 3754 1229 3802 aeteae

152 3819 203 3871 ΕΑ
220 3819 328 3886 letheae,
347 3819 479 3884 attheaeg
496 3825 528 3869 ut
544 3819 658 3882 01149)
677 3821 798 3868 corraeit
817 3815 967 3868 &onorius
1018 3819 1069 3869 904
1086 3817 1229 3870 secuudum

64 3927 72 3945 .
152 3887 179 3938 in
196 3887 317 3939 fluctibus
334 3903 441 3955 regnum
456 3893 531 3940 tenes
548 3888 574 3937 A
612 3889 683 3938 .90'l
703 3885 881 3948 00100000ος
950 3887 1000 3938 908
1018 3886 1188 3953 strirpemqne
1204 3885 1229 3936 Ε

152 3957 203 4008 909
221 3956 359 4022 armigerae
378 3958 398 4017 ς
