2580 4366
141 224 182 287 54
523 241 551 284 ι.
574 240 679 283 anunm
700 241 827 283 senecae

45 432 50 439 -
139 393 301 472 odiumque
324 390 408 472 patri,
432 410 520 471 quem
544 390 599 451 coli
623 409 719 470 poena
740 391 833 453 iubes,
1168 403 1216 454 300

139 496 240 540 amna.
287 476 312 539 0
336 475 456 553 tumide,
479 494 580 537 rerum
603 475 672 537 dum
694 477 891 538 secundarum
914 484 1007 539 status

140 562 252 624 extollit
273 561 397 636 animos,
420 561 521 623 timide
543 578 611 622 cum
634 560 783 640 increpuit
804 569 910 635 metus,

139 665 243 727 regum
266 646 407 728 tyrannel
438 647 534 708 iamne
556 646 735 707 flammatum
759 646 836 725 geris

139 733 277 794 'ramore
298 731 395 794 subito
418 741 523 812 pectus
544 750 578 793 ac
600 731 715 793 veneris
741 730 854 792 novae?

140 817 261 879 solusne
282 817 391 879 totiens
413 817 506 896 spolia
529 817 564 878 de
588 815 674 877 nobis
695 814 798 878 leres‘l

139 902 195 964 hac
216 903 316 964 dextra
339 901 443 963 Achilli
464 901 609 963 victimam
632 900 750 962 reddam
773 919 867 963 suam.

140 987 274 1067 quamsi
298 1006 388 1067 negas
409 986 590 1066 ruinasque,
616 986 755 1048 maiorem
780 986 853 1047 dabo

139 1071 316 1152 dignamque
339 1089 425 1151 quam
449 1071 497 1133 det
520 1071 667 1152 Pyrrhus3
691 1078 720 1132 et
742 1071 866 1132 nimium
890 1070 940 1132 diu

138 1175 154 1217 a
177 1154 264 1219 caede
288 1167 388 1218 nostra
410 1156 490 1234 regia
514 1165 608 1218 cessat
629 1174 735 1217 manus

138 1260 300 1322 paremque
322 1242 418 1321 poscit
440 1241 583 1303 Priamus.
649 1259 736 1302 actu.
778 1240 861 1302 Haud
886 1239 1024 1319 equidem
1046 1257 1123 1318 nego
1167 1248 1215 1300 300

137 1326 197 1388 hoc
219 1345 283 1388 esse
306 1325 409 1406 Pyrrhi
432 1326 590 1388 maximum
613 1326 644 1387 in
667 1325 744 1386 bello
768 1326 867 1401 decus,

139 1429 225 1474 saevo
249 1418 421 1491 peremptus
444 1430 514 1473 ense
537 1411 616 1490 quod
640 1411 774 1472 Priamus
796 1411 880 1485 iacet,

139 1496 266 1576 supplex
288 1504 440 1576 paternus.
505 1514 606 1557 ornan.
652 1495 809 1576 Supplices
832 1495 926 1557 nostri
949 1494 1041 1575 patris

138 1580 298 1661 hostesque
320 1581 438 1643 eosdem
462 1580 606 1643 novimus.
652 1581 784 1643 Priamus
807 1588 904 1643 umen

94 1670 97 1675 '
137 1684 278 1746 praesens
301 1666 428 1745 rogavit3
453 1673 485 1727 tu
508 1666 588 1745 gravi
610 1666 733 1746 pavidus
754 1675 845 1741 metu,

138 1770 194 1814 nec
215 1752 250 1812 ad
272 1752 437 1831 rogandum
459 1751 554 1828 fortis,
577 1751 658 1812 Aiaci
681 1769 785 1832 preces

136 1836 297 1915 Ithacoque
318 1836 439 1898 mandas
461 1836 580 1898 clausus
602 1845 691 1914 atquc
714 1836 828 1898 hostem
851 1845 990 1900 tremens.

136 1941 224 1984 scau.
269 1923 305 1982 At
328 1939 389 1983 non
412 1921 532 1983 timebat
555 1930 626 1982 tunc
648 1929 727 1997 tuus,
749 1922 853 1996 fateor,
877 1939 994 2002 parens

66 2024 70 2031 ·
136 2008 274 2086 interque
298 2006 400 2067 caedes
423 2006 562 2068 Graeciae
583 2015 672 2086 atque
695 2015 775 2068 ustas
798 2014 874 2069 rates

136 2092 236 2172 segnis
259 2091 370 2153 iacebat
393 2090 461 2152 belli
484 2099 513 2152 et
534 2109 684 2152 armorum
709 2091 873 2168 immemor,

136 2177 192 2238 levi
213 2194 351 2238 canoram
374 2176 532 2238 verberans
556 2177 669 2256 plectro
693 2176 809 2257 chelyn.

135 2279 237 2322 eman.
281 2261 367 2322 Tunc
389 2279 514 2340 magnus
535 2260 655 2337 Hector,
679 2279 758 2323 arma
779 2270 975 2324 contemnens
999 2269 1058 2333 tua,

136 2352 241 2407 cantus
263 2344 385 2406 Achillis
407 2345 505 2408 timuit
526 2353 555 2407 et
576 2353 657 2408 tanto
680 2347 711 2408 in
734 2353 814 2408 metu

136 2430 286 2493 navalibus
308 2448 364 2510 pax
387 2430 442 2492 alta
466 2430 642 2493 Thessalicis
664 2431 728 2493 luit.

136 2533 223 2578 eoru.
265 2515 378 2595 Nempe
400 2516 492 2577 isdem
515 2515 546 2576 in
568 2516 633 2578 istis
654 2516 802 2578 Thessalis
826 2516 974 2579 navalibus
1164 2527 1210 2578 335

135 2619 193 2680 pax
214 2600 270 2661 alta
292 2618 397 2662 rursus
419 2600 555 2663 Hectoris
576 2601 652 2681 patri
675 2600 739 2662 luit.

134 2704 237 2747 rmus.
280 2686 334 2748 Est
355 2685 434 2765 regis
454 2686 504 2748 alti
527 2685 664 2766 spiritum
687 2685 750 2765 regi
773 2687 850 2749 dare.

134 2789 222 2832 sonu.
267 2769 327 2831 Cur
349 2771 448 2832 dextra
470 2770 532 2848 regi
555 2771 691 2851 spiritum
715 2771 824 2851 eripuit
846 2767 919 2832 tua?

133 2875 236 2918 rman.
266 2855 391 2916 Mortem
413 2856 583 2917 misericors
604 2874 693 2935 saepe
715 2874 770 2936 pro
793 2856 850 2918 vita
872 2854 959 2917 dabit.

134 2958 221 3003 sonu.
266 2940 304 3001 Et
326 2959 407 3002 nunc
428 2939 597 3002 misericors
619 2940 763 3021 virginem
786 2940 873 3003 husto
896 2936 994 3020 petis‘l
1162 2948 1210 3001 330

133 3045 234 3088 runnu.
265 3025 365 3086 lamna
386 3025 531 3088 immolari
554 3026 683 3106 virgines
704 3026 801 3087 credis
823 3022 927 3087 nefas?

134 3130 222 3173 actu.
266 3108 419 3179 Praeferre
441 3111 564 3190 patriam
587 3110 686 3172 liberis
708 3129 808 3191 regem
832 3111 923 3173 decet.

133 3215 234 3258 runnu.
265 3195 326 3256 Lex
348 3195 430 3256 nulla
452 3204 537 3276 capto
560 3196 655 3276 parcit
676 3203 726 3257 aut
748 3215 873 3277 poenam
896 3193 1027 3275 impedit.

134 3301 222 3343 ausu.
267 3280 352 3351 Quod
376 3298 437 3341 non
460 3287 536 3342 vetat
558 3281 614 3356 lex,
638 3281 693 3342 hoc
715 3289 792 3344 vetat
814 3281 877 3344 heri
896 3279 1001 3360 pudor.

133 3385 234 3429 eman.
266 3365 480 3444 Quodcumque
502 3365 589 3428 libuit
610 3367 707 3428 facere
729 3366 832 3428 victori
854 3366 932 3428 licet.
1161 3371 1208 3424 333

133 3469 220 3514 soen.
263 3450 419 3512 Minimum
441 3451 525 3512 decet
546 3450 639 3514 libere
659 3451 708 3512 cui
731 3452 855 3513 multum
881 3450 957 3513 licet.

132 3554 234 3598 runnu.
265 3535 318 3596 llis
341 3535 395 3598 ista
417 3536 516 3611 iactas,
539 3554 615 3614 quos
637 3536 739 3598 decem
760 3554 907 3599 annorum
930 3534 1008 3616 gravi

218 3773 268 3824 302
286 3769 383 3822 estollit
400 3769 432 3822 u.
444 3769 595 3822 -increuit
606 3770 631 3821 ll
682 3774 732 3826 304
751 3785 835 3823 amore
852 3770 930 3823 solito
947 3773 974 3836 ς.
1001 3782 1106 3820 cerrum
1124 3771 1209 3820 inter·

133 3838 228 3890 eldhm
247 3837 411 3903 Gronovius,
436 3853 485 3904 ego
502 3839 672 3890 scribendum
690 3841 808 3890 conieci:
826 3837 927 3891 Amoris
944 3839 1004 3906 igne
1072 3839 1123 3890 aod
1146 3835 1208 3890 dex·

132 3904 281 3959 truchillid
350 3907 398 3958 321
419 3906 518 3974 caelym
536 3906 561 3956 ld
631 3906 879 3972 3350000001ἰοίος
948 3908 997 3959 330
1015 3908 1041 3956 at
1059 3920 1085 3957 n.
1103 3920 1137 3956 m.
1155 3906 1208 3957 vir·

132 3974 205 4042 pines
224 3975 248 4026 Α
