2580 4366
158 203 221 266 222
543 226 571 269 n.
595 225 699 269 sunum
721 227 848 285 sennenn

158 373 364 454 tumidumque
385 375 483 454 pando
506 375 632 436 transilit
653 377 742 438 dorso
765 396 845 440 mare

158 458 330 538 Tyrrhenus
353 459 434 520 omni
455 459 546 538 piscis
569 461 678 522 exultat
704 464 779 523 freto

69 578 71 584 ,
157 543 306 623 agitatque
328 562 415 625 gyros
439 553 468 605 et
489 564 588 607 comes
610 547 693 608 lateri
715 547 841 622 adnatat,

158 627 270 688 anteire
294 648 382 690 naves
404 629 498 690 laetus
522 638 550 692 et
571 649 676 692 rursus
699 634 800 712 sequi3

158 732 240 774 nunc
262 713 355 793 prima
378 724 503 793 tangens
525 726 621 778 rostra
644 716 755 778 lascivit
778 718 898 794 chorus,

156 797 340 859 millesimam
363 817 445 861 nunc
466 800 558 861 ambit
580 810 608 863 et
629 801 735 863 lustrat
755 811 857 863 ratem.

150 882 213 943 iam
236 883 305 945 litus
328 902 416 946 omne
440 887 550 963 tegitur
571 897 601 948 et
623 887 718 967 campi
740 887 832 949 latent

158 975 189 1028 et
211 967 298 1030 dubia
320 979 427 1048 parent
447 970 557 1031 montis
579 971 656 1033 ldaei
679 973 763 1050 iuga;

156 1061 185 1113 et
207 1053 274 1130 iam,
296 1056 375 1133 quod
399 1074 492 1115 unum
515 1056 652 1136 pervicax
673 1057 751 1118 acies
774 1058 860 1132 videt,

74 1191 76 1194 .
155 1137 261 1199 iliacus
283 1148 346 1200 atra
370 1140 470 1201 iumrrs
493 1151 615 1220 apparet
637 1152 716 1202 nota.

155 1222 212 1284 iam
234 1224 308 1286 lassa
329 1224 415 1286 Titan
439 1224 512 1286 colla
534 1226 680 1287 relevabat
702 1227 782 1305 iugo,

154 1307 186 1368 in
209 1318 284 1370 astra
308 1308 364 1369 iam
387 1309 437 1371 lux
459 1328 563 1388 prona,
587 1311 642 1371 iam
666 1330 808 1391 praeceps
831 1310 903 1373 dies.

154 1392 258 1471 exigua
281 1394 376 1455 nubes
398 1394 524 1472 sordido¹
539 1414 677 1457 crescens
700 1396 787 1475 globo

153 1477 279 1539 nitidum
303 1479 433 1540 cadentis
456 1479 592 1558 inquinat
613 1480 724 1542 Phoebi
748 1481 848 1556 iubar3

153 1573 290 1645 suspecta
313 1564 410 1638 varius
433 1565 572 1626 occidens
594 1567 664 1627 iecit
686 1567 768 1628 ireta.

154 1666 212 1709 nox
235 1649 329 1728 prima
351 1649 464 1711 caelum
485 1660 634 1730 sparserat
654 1650 756 1725 stellis,
780 1651 877 1712 iacent

153 1733 267 1795 deserta
290 1745 377 1796 vento
399 1735 470 1796 vela.
515 1744 577 1796 tum
601 1754 736 1797 murmur
759 1754 855 1814 grave,

152 1818 262 1879 maiora
284 1820 433 1895 minitans,
457 1819 583 1882 collibus
605 1821 729 1881 summis
750 1821 827 1882 cadit

152 1911 308 1983 tractuque
330 1904 419 1984 longo
442 1905 513 1966 litus
534 1923 569 1966 ae
591 1915 692 1985 petrae
714 1916 852 1984 gemunt3

152 1989 257 2068 agitata
279 1990 373 2051 ventis
398 1991 474 2051 unda
498 1991 629 2052 venturis
651 2001 758 2052 tumet:

153 2091 220 2134 curn
243 2074 341 2136 subito
365 2074 434 2136 tuna
458 2075 606 2149 conditur,
629 2075 729 2137 stellae
751 2076 852 2149 latent,

152 2160 183 2220 in
206 2168 282 2220 astra
303 2168 415 2239 pontus
437 2160 558 2233 tollitur,
573 2161 697 2236 ‚eaelum
719 2161 805 2240 perit.

151 2263 208 2305 nec
230 2263 289 2305 una
312 2262 370 2305 nox
393 2251 454 2323 est:
480 2245 570 2305 densa
594 2245 731 2307 tenebras
754 2244 854 2305 obruit

152 2329 245 2407 caligo
268 2337 298 2390 et
319 2328 400 2389 omni
422 2329 489 2390 luce
512 2329 656 2404 subducta
678 2331 786 2390 fretum

152 2414 325 2493 caelumque
347 2414 459 2474 miscet.
506 2413 635 2493 undique
657 2413 836 2475 incumbunt
857 2415 944 2476 simul

150 2498 329 2578 rapiuntque
353 2498 474 2577 pelagus
496 2498 630 2558 infimum
653 2499 881 2579 iererso'poio

150 2584 289 2645 adversus
313 2584 393 2644 Euro
416 2582 568 2662 Zephyrus
591 2595 621 2644 et
641 2583 753 2646 Boreae
773 2583 879 2646 Notus.

150 2687 202 2729 sua
226 2670 352 2748 quisque
373 2668 463 2728 mittit
483 2667 539 2729 teia
562 2677 592 2730 et
614 2668 713 2730 iniesti
735 2669 844 2730 fretum
923 2700 926 2706 ·

149 2753 340 2829 amoliuntur,
362 2753 450 2814 turbo
474 2752 620 2815 convolvit
641 2772 737 2815 mare:

150 2838 336 2918 Strymonius
358 2840 430 2900 altas
453 2838 559 2917 Aquiio
582 2848 760 2919 contorquet
782 2839 864 2900 nives

149 2924 337 3005 Libycusque
358 2924 484 2986 harenas
506 2926 614 2985 Auster
635 2942 669 2986 ao
690 2925 792 3005 Syrtes
814 2924 889 3003 agit3

148 3028 206 3071 neo
227 3018 325 3071 manet
347 3008 377 3069 in
401 3011 524 3070 Austro:
548 3009 599 3070 ilat
621 3009 717 3087 gravis
740 3009 848 3070 nimbis
870 3008 973 3085 Notus,

147 3093 242 3155 imbre
264 3103 352 3172 auget
374 3093 486 3169 undass
500 3093 600 3155 Eurus
623 3094 766 3155 orientem
789 3103 887 3154 movet

146 3178 291 3240 Nabataea
313 3179 449 3257 quatiens
471 3197 563 3258 regna
586 3188 616 3241 et
637 3179 716 3240 Eoos
738 3179 838 3252 sinus;

148 3264 216 3345 quid
240 3263 360 3325 rabidus
383 3281 433 3324 ora
457 3261 550 3325 Corus
573 3263 692 3326 Ooeano
715 3261 863 3325 exerens?

146 3349 290 3411 mundum
313 3347 425 3409 revellit
447 3347 565 3410 sedibus
588 3349 778 3422 sunnonis,
1181 3365 1227 3416 4⁸5

146 3435 288 3515 ipsosque
311 3442 399 3513 rupto
423 3434 559 3494 crederes
582 3434 663 3495 caelo
686 3433 757 3494 deos

231 3622 279 3671 451
300 3617 419 3682 omnisg
504 3618 553 3670 452
573 3616 720 3684 agitqueA
805 3620 854 3670 457
875 3619 1000 3683 patent&
1086 3620 1137 3672 458
1153 3627 1181 3672 et
1198 3621 1222 3672 id

85 3723 88 3743 .
145 3685 213 3754 quod
232 3686 257 3737 n*
324 3688 374 3738 470
392 3685 452 3737 luna
470 3684 554 3736 subito
573 3691 600 3748 ς.
621 3713 652 3722 -
670 3684 760 3737 stellae
777 3685 872 3737 cadunt
890 3687 914 3736 A
972 3687 1021 3737 475
1040 3684 1131 3738 infimo
1150 3703 1222 3741 ever·

144 3770 201 3807 sum
219 3754 274 3807 solo
288 3756 313 3805 A
330 3755 449 3804 conieci.-
466 3751 580 3804 infimum
598 3752 941 3832 matisconensem
959 3756 1005 3804 oui
1021 3769 1077 3806 non
1095 3761 1224 3807 convenit

143 3819 582 3956 munerum
598 3820 812 3942 aarum
830 3822 1059 3942 ostreata
1110 3825 1164 3944 a
1181 3827 1223 3946 :e

143 3957 218 4027 pidns
236 3960 268 4010 A.
286 3986 320 3998 -
338 3970 450 4008 occeano
467 3956 492 4008 ln*
560 3958 609 4009 mo
627 3956 715 4009 revelli
734 3957 759 4007 A
