2602 4380
109 163 151 222 94
509 176 547 218 nn
569 162 773 218 nannnnuonir.

110 347 171 390 non
201 336 299 402 entare
327 327 404 401 scio;
435 327 601 407 Augusteae
626 327 728 388 aetatis
750 325 846 387 solum
868 325 1058 407 Propertium
1080 329 1183 393 afferre

108 432 246 495 possum:
277 412 327 488 111,
354 415 402 486 ro,
426 413 466 474 29

314 519 406 593 aspice
428 515 497 595 qaid
518 515 599 575 doceis
620 513 759 594 Errpbpla
781 517 890 575 invertit
911 518 1021 577 amaris

314 604 418 661 arserit
439 610 465 661 ct
480 603 601 680 quantis
622 610 714 678 aapta
737 597 846 660 Creusa
867 599 961 661 malis.

145 705 192 780 IV,
206 709 235 780 5,
252 706 292 768 26
315 703 486 783 (perdiscere
499 704 552 777 —)

313 791 376 869 qais
398 788 466 848 deus
485 784 559 847 barac
579 787 683 848 maadi
701 797 833 866 temperet
855 797 917 848 arte
939 787 1065 863 domam,

313 892 369 953 qao
390 876 468 934 canit
490 875 632 941 escoriaco,
655 891 712 951 qua
736 871 835 951 deficit,

110 986 139 1039 et
150 977 201 1057 qui
213 984 355 1037 secuntur
369 992 472 1035 versus
485 973 571 1034 multi
586 973 668 1052 quasi
681 972 816 1033 ludentes
827 973 857 1033 in
868 975 1026 1036 modorum
1038 976 1180 1040 varietate.

110 1063 215 1124 deinde
231 1061 290 1122 Val.
306 1060 349 1120 rt.
366 1058 426 1134 Vlt,
447 1061 505 1122 119
528 1062 638 1138 qaaerit
660 1069 693 1119 ut
714 1057 812 1119 Aeaeis
832 1058 930 1139 bospes
951 1061 1109 1124 consederit
1125 1067 1181 1126 oris

112 1147 250 1221 Pbriaus,
272 1157 306 1207 at
326 1144 431 1224 alipari
454 1146 554 1206 Circen
575 1161 696 1222 capuae
722 1144 864 1206 dracones.
909 1145 1058 1226 Propertii
1080 1147 1180 1210 similis

109 1232 193 1293 locus
216 1238 260 1293 est
280 1229 362 1291 Pers.
387 1232 416 1302 3,
438 1229 564 1293 tto-76
587 1245 675 1308 quem
697 1228 777 1307 apud
799 1228 898 1309 ipsum
920 1230 1076 1310 relegas.⁴)
1112 1233 1179 1295 Stat

109 1316 171 1378 silv.
194 1315 241 1391 IV,
268 1319 294 1390 1,
318 1315 358 1377 23

313 1419 416 1496 aspicis
437 1427 469 1477 ut
492 1414 603 1494 templis
624 1415 699 1476 alias
720 1419 807 1487 citor,
829 1416 917 1479 altior
937 1422 997 1479 aris

313 1505 388 1580 iqais
409 1512 434 1562 ct
456 1504 519 1580 ipsa
539 1519 618 1562 meae
641 1511 752 1580 tepeant
774 1501 828 1563 tibi
847 1503 941 1564 sidera
962 1503 1091 1581 brumae,

314 1585 423 1647 scribas
437 1596 520 1665 atque
535 1589 592 1646 tuis
605 1586 730 1664 paudeat
745 1597 911 1667 turmaeque
923 1588 1070 1670 tribusque
1080 1609 1105 1651 e.
1118 1608 1146 1669 q.
1156 1608 1180 1651 s.

109 1687 218 1768 quibus
247 1687 342 1750 simile
369 1686 534 1767 exemplum
558 1687 589 1748 in
612 1688 832 1766 Agamemnone
854 1688 912 1766 legi
935 1699 1016 1751 certe
1037 1709 1182 1752 memora·

108 1773 167 1835 bile
189 1781 243 1835 est.
267 1807 308 1817 -

167 1879 221 1955 Ag.
237 1877 299 1939 972
314 1875 411 1936 recedo
432 1874 468 1935 ab
490 1878 560 1935 aris.
603 1879 662 1935 sice
683 1886 709 1936 te
731 1875 830 1952 iaqalo
853 1880 936 1937 iuvat

313 1963 442 2022 mersisse
463 1961 587 2038 saram,
608 1959 730 2038 praebeo
753 1959 886 2038 iapalara
908 1960 977 2033 tibi,·

312 2063 360 2106 sea
382 2063 462 2106 more
481 2044 623 2124 pecudum
645 2043 716 2105 rolla
737 2049 858 2105 resecari
876 2045 978 2125 placet,

313 2134 424 2190 intenta
444 2133 544 2190 carcia
565 2129 672 2190 cuipas
692 2140 820 2209 eapectct
842 2140 934 2191 tuam.

109 2233 160 2304 sic,
184 2238 391 2312 praeterquam
413 2229 493 2309 quod
515 2231 577 2292 973
589 2230 711 2309 praebeo
727 2231 860 2309 iaqabam
873 2232 970 2294 colans
988 2232 1182 2312 interpolator

109 2317 237 2396 scripsit,
261 2316 395 2376 codicum
419 2333 568 2375 consensu
592 2315 714 2393 legitur,
745 2325 775 2376 et
802 2325 882 2378 recte
908 2317 1028 2396 quidem
1050 2320 1181 2397 quamvis

110 2401 244 2480 exemplo
267 2400 298 2461 in
321 2400 368 2461 his
389 2400 547 2477 tragoediis
570 2401 707 2462 destituta
730 2400 769 2461 sit
796 2402 960 2464 sententiae
988 2403 1180 2465 constructio.

110 2505 185 2566 quae
201 2485 297 2548 evenit
312 2485 467 2546 sententiis
482 2485 736 2547 condicionaiibus
752 2504 806 2565 per
820 2487 979 2565 particulas
994 2491 1053 2550 sice
1068 2523 1110 2533 -
1125 2493 1181 2550 siue

110 2571 250 2632 diiunctis
266 2579 295 2631 et
309 2570 482 2648 interposita
499 2571 607 2649 prioris
619 2571 743 2631 membri
760 2571 881 2650 epodosi
893 2572 1079 2652 interruptis.
1105 2574 1181 2634 hanc

109 2655 362 2718 constructionem
384 2656 471 2716 bonis
493 2655 689 2734 scriptoribus
711 2655 788 2715 haud
806 2656 974 2718 inusitatam
992 2659 1043 2733 (ct.
1058 2658 1180 2738 Madvig.

110 2741 145 2802 ad
175 2741 234 2802 Cic.
257 2741 284 2801 d.
313 2742 365 2801 tin.
394 2758 423 2818 p.
447 2741 499 2813 45)
528 2739 599 2800 boni
628 2748 731 2820 poetae
761 2741 895 2820 plerique
924 2760 1028 2803 omnes
1057 2743 1181 2805 vitavere

109 2836 227 2906 praeter
250 2825 396 2887 Ovidium.
440 2824 587 2903 Vergilius
610 2844 642 2887 ea
665 2843 738 2886 usus
761 2834 806 2886 est
827 2826 876 2901 XI,
900 2830 961 2890 443

313 2945 363 2987 aec
384 2926 511 2987 marcas
529 2931 635 3006 potios,
658 2931 717 2988 sive
738 2926 804 2987 baec
826 2938 865 2988 cst
886 2930 933 2987 ira
954 2929 1082 2999 deorum,

313 3023 404 3073 ncorte
426 3011 495 3082 locat,
518 3017 577 3073 sice
599 3023 638 3074 est
659 3015 753 3072 virtus
775 3021 801 3072 ct
821 3011 924 3090 picria,
947 3013 1037 3075 tollat.

110 3113 248 3175 Horatius
276 3113 306 3173 in
337 3112 436 3192 lyricis
467 3131 629 3192 nusquam,
659 3113 689 3172 in
720 3112 908 3173 sermonibus
932 3115 1023 3175 semel
1045 3134 1136 3177 serm.
1159 3116 1180 3191 Ι,

109 3204 138 3276 4,
165 3202 221 3263 121

619 3293 646 3341 et
667 3285 725 3341 sive
746 3281 859 3342 iubebat

311 3378 344 3430 at
364 3370 490 3446 facerem
511 3366 594 3446 qaid:
613 3357 709 3426 ‘babes
730 3376 874 3428 auctorem
896 3385 949 3446 qao
971 3369 1064 3445 facias
1088 3365 1168 3447 boc',

312 3473 404 3515 urtam
426 3471 464 3513 ec
485 3450 625 3512 iudicibus
645 3451 751 3512 selectis
772 3451 916 3523 obiciebat,

195 3635 216 3700 ⁴)
234 3635 323 3702 incipit
340 3637 372 3686 ab
390 3636 439 3687 hoc
456 3651 546 3687 vorsu:

314 3703 415 3764 dumba,
433 3721 448 3754 o
464 3707 564 3768 miseri,
582 3709 607 3753 et
624 3719 719 3753 causas
738 3707 890 3767 cognoscito
908 3719 1005 3764 recurri,

109 3771 152 3823 ubi
171 3770 289 3823 barthius
307 3774 342 3834 io,
361 3769 475 3837 Guyetus
494 3789 539 3822 uos
557 3775 649 3822 mr'scri
665 3771 804 3835 coniecere,
822 3786 930 3836 quorum
948 3779 1065 3823 neutrum
1077 3770 1183 3824 Iahnius

108 3840 212 3906 recepit.
249 3837 365 3904 equidem
385 3839 470 3890 nescio
488 3855 532 3890 cur
551 3855 601 3891 non
620 3839 716 3906 pridem
734 3839 905 3892 emendarint:

314 3906 406 3958 discito
424 3912 450 3958 at
467 3922 482 3958 o
501 3911 593 3958 miseri
610 3923 704 3959 causas
722 3909 873 3985 cogaopcitc
894 3923 993 3960 reram.
