2580 4366
1045 219 1175 282 XXVllll
1261 256 1269 280 t

116 380 171 449 lere
190 390 287 453 locum
310 399 413 452 tenere
435 391 514 452 inter
536 391 562 451 Ε
584 400 612 450 ot
634 395 670 466 A,
693 408 816 469 quarum
840 389 1047 450 recensionum
1071 399 1175 451 neutra

121 483 150 561 tx
166 473 229 554 ipso
252 476 353 538 codice
369 473 395 536 ll
411 476 514 537 eiusne
533 475 657 554 gemello
681 475 825 554 originem
848 474 939 548 duxit,
962 475 986 535 si
1009 476 1175 537 accuratius

126 560 281 638 tospexeris,
304 560 456 622 uidebitur
477 562 569 622 multo
593 560 717 640 propius
739 560 774 620 ad
790 560 816 620 li
830 559 969 620 accedere
984 577 1072 639 qoam
1088 560 1123 620 ad
1138 561 1174 621 A.

131 635 174 702 dut
198 645 291 706 omnia
321 645 428 707 lallunt
448 653 499 706 aut
521 644 547 707 ll
571 664 606 706 ex
637 644 739 706 eodem
770 644 928 723 archetypo
959 644 1109 706 deriuatus
1132 653 1176 707 est

133 739 217 807 eiquo
232 731 266 804 E,
290 748 357 792 oum
375 748 434 810 quo
457 730 557 792 codice
580 739 608 791 et
630 730 722 791 bonas
744 729 887 790 lectiones
910 729 1017 790 multas
1039 738 1068 790 et
1090 729 1177 792 lalsas

73 808 76 813 ’
135 825 177 872 non
194 833 299 893 paucas
322 833 494 876 communes
515 815 603 876 habet
624 815 711 876 ctiam
734 814 776 875 eis
804 813 892 885 locis,
922 813 972 875 ubi
996 815 1130 876 recensio
1153 815 1177 876 A

134 891 220 959 abllll
238 900 395 978 discrepat.
440 900 524 971 Quod
548 911 645 961 autem
672 899 736 960 aliis
759 918 816 960 nec
838 901 940 978 paucis
963 898 1036 959 locis
1060 897 1085 958 ll
1108 918 1176 961 cum

131 977 300 1046 loonsentit
323 985 509 1063 discrepante
530 984 606 1047 libro
628 985 663 1061 E,
685 985 713 1044 id
737 984 821 1044 facile
842 983 907 1044 Tibi
932 984 1099 1045 concedent
1117 985 1177 1046 uiri

71 1096 75 1105 ·
129 1061 237 1130 dootiita
253 1069 458 1149 explicandum
476 1088 550 1145 esse,
570 1080 603 1131 ut
618 1080 779 1130 statuamus
793 1068 824 1128 in
841 1087 909 1129 eum
925 1068 1055 1130 codicem
1072 1069 1176 1149 deper-
1267 1068 1269 1073 ’

125 1145 216 1228 litun,
250 1174 286 1216 ex
317 1173 376 1233 quo
403 1153 429 1214 lt
456 1155 620 1235 descriptus
650 1162 711 1230 est,
744 1154 857 1232 aliquot
887 1154 1029 1215 lectiones
1055 1154 1176 1216 arbitrio

122 1241 283 1301 correctoris
305 1241 428 1308 selectas
451 1257 486 1299 ex
508 1239 682 1319 interpolata
705 1238 891 1311 recensione,-
917 1256 1003 1317 quam
1026 1240 1083 1300 iam
1104 1248 1178 1301 tuno

118 1320 236 1384 extitisse
258 1333 490 1387 consentaneum
515 1332 569 1400 est,
591 1325 683 1385 illatas
705 1324 805 1384 luisse.
841 1323 943 1402 ltaque
966 1343 1032 1384 cum
1055 1343 1178 1386 amanu-

116 1405 199 1482 ensis,
221 1410 271 1487 qui
294 1408 401 1470 librum
425 1408 451 1469 lt
475 1411 621 1484 exorauit,
651 1411 681 1470 in
713 1408 776 1469 aliis
798 1408 915 1488 paginis
937 1410 1117 1483 accuratius,
1145 1410 1177 1471 in

113 1482 174 1548 aliis
202 1494 312 1569 (ueluti,
336 1494 367 1556 in
395 1494 511 1573 paginis
541 1497 612 1556 449.
635 1497 709 1568 450)
737 1494 942 1572 neglegentius
970 1512 1095 1555 munere
1123 1513 1177 1555 suo

111 1565 228 1639 functus
243 1579 290 1653 sit,
313 1579 420 1640 mirum
438 1598 498 1640 non
516 1587 570 1654 est,
586 1579 666 1656 quod
681 1578 756 1639 liber
772 1576 807 1653 ll,
831 1578 882 1657 qui
898 1588 1044 1640 uetustate
1063 1588 1178 1640 ceteros

113 1656 226 1724 codioes
248 1666 425 1726 Annaeanos
447 1664 537 1742 longe
558 1663 723 1744 praecedit,
754 1671 783 1724 et
805 1662 878 1724 locis
901 1663 1105 1742 compluribus
1127 1682 1177 1742 ge-

113 1742 231 1809 nuinam
255 1749 413 1810 lectionem
436 1748 517 1810 solus
539 1750 688 1825 seruauit,
711 1756 740 1808 et
762 1749 792 1807 in
816 1765 925 1825 genere
947 1749 1178 1828 orthographioo

112 1834 224 1894 eteros
246 1842 376 1913 superat,
400 1842 428 1895 et
450 1834 520 1894 uitia
543 1834 706 1914 scripturae
722 1833 865 1893 nonnulla
880 1843 968 1911 atquc
983 1834 1054 1894 adeo
1078 1834 1178 1894 falsam

112 1919 251 1978 ltersuum
274 1919 497 1980 collocationem
519 1920 600 1980 solus
623 1917 747 1979 exhibet.
778 1917 836 1988 Qui
859 1917 883 1977 si
906 1917 1022 1996 integer
1043 1927 1179 1979 seruatus

112 2005 199 2076 esset,
221 2002 342 2064 dubium
366 2021 426 2064 non
451 2013 495 2064 est
517 2003 589 2083 quin
612 2023 672 2064 non
695 2003 798 2082 paucis
822 2002 956 2063 obscuris
971 2013 1059 2083 atque
1074 2004 1179 2083 depra-

110 2083 189 2144 uatis
211 2087 338 2150 Senecae
366 2088 440 2150 locis
469 2088 565 2149 lucem
595 2089 735 2150 allaturus
764 2087 862 2148 luerit.
890 2087 965 2170 'Sed
987 2089 1024 2149 de
1053 2088 1179 2168 singulis

107 2169 246 2234 uersibus
275 2173 305 2234 in
335 2173 507 2252 fragmentis
529 2172 737 2244 Ambrosianis
760 2173 884 2234 seruatis
906 2173 952 2233 'lu
982 2173 1046 2252 ipse
1068 2174 1179 2250 uideas,

105 2259 135 2307 le
167 2253 265 2318 Tuam
287 2258 397 2319 laboris
419 2266 531 2338 partem
554 2259 724 2338 praeripere
747 2257 813 2318 'libi
836 2257 946 2318 uidear.

169 2336 252 2416 Vale,
275 2342 326 2403 Vir
347 2343 531 2416 lloctissime,
554 2353 581 2404 et
604 2344 675 2404 mihi
699 2344 799 2404 lacero
820 2359 921 2422 perge.

220 2459 387 2523 Scribebam
411 2463 596 2540 Argentorati
619 2461 675 2522 kal.
698 2460 780 2522 Febr.
804 2480 829 2521 a.
856 2463 948 2525 1879.
