<?xml version="1.0" encoding="UTF-8"?>
<!DOCTYPE html PUBLIC "-//W3C//DTD XHTML 1.0 Transitional//EN"
    "http://www.w3.org/TR/xhtml1/DTD/xhtml1-transitional.dtd">
<html xmlns="http://www.w3.org/1999/xhtml" xml:lang="en" lang="en">
 <head>
  <title>
</title>
<meta http-equiv="Content-Type" content="text/html;charset=utf-8" />
  <meta name='ocr-system' content='tesseract 3.04.00' />
  <meta name='ocr-capabilities' content='ocr_page ocr_carea ocr_par ocr_line ocrx_word'/>
</head>
<body>
  <div class='ocr_page' id='page_1' title='image "./tragoediae00leogoog_0444.png"; bbox 0 0 2580 4366; ppageno 0'>
   <div class='ocr_carea' id='block_1_1' title="bbox 563 217 1159 280">
    <p class='ocr_par' dir='ltr' id='par_1_1' title="bbox 563 217 1159 280">
     <span class='ocr_line' id='line_1_1' title="bbox 563 217 1159 280; baseline 0.003 -4"><span class='ocrx_word' id='word_1_1' title='bbox 563 231 693 276; x_wconf 72' lang='lat' dir='ltr'>osteum</span> <span class='ocrx_word' id='word_1_2' title='bbox 1105 217 1159 280; x_wconf 81' lang='lat' dir='ltr'>tul</span> 
     </span>
    </p>
   </div>
   <div class='ocr_carea' id='block_1_2' title="bbox 62 381 1165 3682">
    <p class='ocr_par' dir='ltr' id='par_1_2' title="bbox 91 381 1165 632">
     <span class='ocr_line' id='line_1_2' title="bbox 93 381 1165 447; baseline 0.002 -3"><span class='ocrx_word' id='word_1_3' title='bbox 93 381 144 444; x_wconf 94' lang='lat' dir='ltr'>ubi</span> <span class='ocrx_word' id='word_1_4' title='bbox 166 382 264 445; x_wconf 88' lang='lat' dir='ltr'>vultus</span> <span class='ocrx_word' id='word_1_5' title='bbox 286 381 336 442; x_wconf 91' lang='lat' dir='ltr'>ille</span> <span class='ocrx_word' id='word_1_6' title='bbox 358 388 387 443; x_wconf 90' lang='lat' dir='ltr'>et</span> <span class='ocrx_word' id='word_1_7' title='bbox 408 383 476 443; x_wconf 85' lang='lat' dir='ltr'>licta</span> <span class='ocrx_word' id='word_1_8' title='bbox 496 382 632 446; x_wconf 83' lang='lat' dir='ltr'>maiestas</span> <span class='ocrx_word' id='word_1_9' title='bbox 653 382 708 444; x_wconf 87' lang='lat' dir='ltr'>viri</span> <span class='ocrx_word' id='word_1_10' title='bbox 803 424 806 427; x_wconf 31' lang='lat' dir='ltr'>v</span> <span class='ocrx_word' id='word_1_11' title='bbox 1118 394 1165 447; x_wconf 74' lang='lat' dir='ltr'>tlt</span> 
     </span>
     <span class='ocr_line' id='line_1_3' title="bbox 91 466 966 548; baseline 0 -20"><span class='ocrx_word' id='word_1_12' title='bbox 91 475 182 546; x_wconf 89' lang='lat' dir='ltr'>atque</span> <span class='ocrx_word' id='word_1_13' title='bbox 203 466 321 528; x_wconf 91' lang='lat' dir='ltr'>babitus</span> <span class='ocrx_word' id='word_1_14' title='bbox 344 466 480 541; x_wconf 72' lang='lat' dir='ltr'>horrens</span> <span class='ocrx_word' id='word_1_15' title='bbox 503 467 601 547; x_wconf 86' lang='lat' dir='ltr'>prisca</span> <span class='ocrx_word' id='word_1_16' title='bbox 622 477 651 530; x_wconf 90' lang='lat' dir='ltr'>ot</span> <span class='ocrx_word' id='word_1_17' title='bbox 672 468 792 547; x_wconf 92' lang='lat' dir='ltr'>antiqua</span> <span class='ocrx_word' id='word_1_18' title='bbox 814 475 966 548; x_wconf 84' lang='lat' dir='ltr'>appetens,</span> 
     </span>
     <span class='ocr_line' id='line_1_4' title="bbox 91 550 855 632; baseline -0.003 -19"><span class='ocrx_word' id='word_1_19' title='bbox 91 570 270 631; x_wconf 87' lang='lat' dir='ltr'>morumque</span> <span class='ocrx_word' id='word_1_20' title='bbox 292 551 407 614; x_wconf 91' lang='lat' dir='ltr'>senium</span> <span class='ocrx_word' id='word_1_21' title='bbox 430 551 512 615; x_wconf 91' lang='lat' dir='ltr'>triste</span> <span class='ocrx_word' id='word_1_22' title='bbox 535 560 563 616; x_wconf 87' lang='lat' dir='ltr'>et</span> <span class='ocrx_word' id='word_1_23' title='bbox 584 553 705 615; x_wconf 79' lang='lat' dir='ltr'>edoctus</span> <span class='ocrx_word' id='word_1_24' title='bbox 732 550 855 632; x_wconf 77' lang='lat' dir='ltr'>gravosi</span> 
     </span>
    </p>

    <p class='ocr_par' dir='ltr' id='par_1_3' title="bbox 92 636 859 887">
     <span class='ocr_line' id='line_1_5' title="bbox 92 636 851 717; baseline 0.004 -20"><span class='ocrx_word' id='word_1_25' title='bbox 92 655 111 697; x_wconf 94' lang='lat' dir='ltr'>o</span> <span class='ocrx_word' id='word_1_26' title='bbox 134 637 199 699; x_wconf 90' lang='lat' dir='ltr'>vita.</span> <span class='ocrx_word' id='word_1_27' title='bbox 212 637 307 714; x_wconf 79' lang='lat' dir='ltr'>fallax,</span> <span class='ocrx_word' id='word_1_28' title='bbox 330 636 443 698; x_wconf 92' lang='lat' dir='ltr'>abditos</span> <span class='ocrx_word' id='word_1_29' title='bbox 466 655 572 699; x_wconf 90' lang='lat' dir='ltr'>sensus</span> <span class='ocrx_word' id='word_1_30' title='bbox 592 636 671 717; x_wconf 76' lang='lat' dir='ltr'>geris</span> <span class='ocrx_word' id='word_1_31' title='bbox 849 704 851 708; x_wconf 68' lang='lat'>,</span> 
     </span>
     <span class='ocr_line' id='line_1_6' title="bbox 92 721 859 802; baseline -0.001 -19"><span class='ocrx_word' id='word_1_32' title='bbox 92 721 257 800; x_wconf 83' lang='lat' dir='ltr'><strong>animisque</strong></span> <span class='ocrx_word' id='word_1_33' title='bbox 279 723 432 801; x_wconf 79' lang='lat' dir='ltr'>pulchram</span> <span class='ocrx_word' id='word_1_34' title='bbox 454 722 593 802; x_wconf 76' lang='lat' dir='ltr'>turpibus</span> <span class='ocrx_word' id='word_1_35' title='bbox 618 721 721 784; x_wconf 83' lang='lat' dir='ltr'>laniem</span> <span class='ocrx_word' id='word_1_36' title='bbox 744 721 859 784; x_wconf 93' lang='lat' dir='ltr'>induis:</span> 
     </span>
     <span class='ocr_line' id='line_1_7' title="bbox 93 806 801 887; baseline -0.003 -19"><span class='ocrx_word' id='word_1_37' title='bbox 93 807 191 886; x_wconf 90' lang='lat' dir='ltr'>pudor</span> <span class='ocrx_word' id='word_1_38' title='bbox 212 807 415 887; x_wconf 88' lang='lat' dir='ltr'>impudentem</span> <span class='ocrx_word' id='word_1_39' title='bbox 439 807 521 883; x_wconf 87' lang='lat' dir='ltr'>celat,</span> <span class='ocrx_word' id='word_1_40' title='bbox 544 806 683 869; x_wconf 81' lang='lat' dir='ltr'><strong>audacem</strong></span> <span class='ocrx_word' id='word_1_41' title='bbox 707 807 801 887; x_wconf 87' lang='lat' dir='ltr'>quies,</span> 
     </span>
    </p>

    <p class='ocr_par' dir='ltr' id='par_1_4' title="bbox 92 890 822 1056">
     <span class='ocr_line' id='line_1_8' title="bbox 92 890 761 971; baseline 0 -19"><span class='ocrx_word' id='word_1_42' title='bbox 92 893 186 971; x_wconf 89' lang='lat' dir='ltr'>pietas</span> <span class='ocrx_word' id='word_1_43' title='bbox 208 892 383 964; x_wconf 75' lang='lat' dir='ltr'>nefandum:</span> <span class='ocrx_word' id='word_1_44' title='bbox 406 891 612 967; x_wconf 84' lang='lat' dir='ltr'>reralallaces</span> <span class='ocrx_word' id='word_1_45' title='bbox 633 890 761 971; x_wconf 90' lang='lat' dir='ltr'>probant</span> 
     </span>
     <span class='ocr_line' id='line_1_9' title="bbox 92 975 822 1056; baseline 0.001 -18"><span class='ocrx_word' id='word_1_46' title='bbox 92 977 291 1056; x_wconf 79' lang='lat' dir='ltr'>simulantque</span> <span class='ocrx_word' id='word_1_47' title='bbox 314 975 417 1037; x_wconf 92' lang='lat' dir='ltr'>molles</span> <span class='ocrx_word' id='word_1_48' title='bbox 439 977 521 1037; x_wconf 88' lang='lat' dir='ltr'>dura.</span> <span class='ocrx_word' id='word_1_49' title='bbox 567 976 705 1038; x_wconf 84' lang='lat' dir='ltr'>silvarum</span> <span class='ocrx_word' id='word_1_50' title='bbox 726 975 822 1039; x_wconf 89' lang='lat' dir='ltr'>incola</span> 
     </span>
    </p>

    <p class='ocr_par' dir='ltr' id='par_1_5' title="bbox 94 1060 685 1138">
     <span class='ocr_line' id='line_1_10' title="bbox 94 1060 685 1138; baseline 0.002 -16"><span class='ocrx_word' id='word_1_51' title='bbox 94 1061 143 1122; x_wconf 89' lang='lat' dir='ltr'>ille</span> <span class='ocrx_word' id='word_1_52' title='bbox 165 1062 302 1123; x_wconf 89' lang='lat' dir='ltr'>elleratus</span> <span class='ocrx_word' id='word_1_53' title='bbox 324 1068 421 1122; x_wconf 90' lang='lat' dir='ltr'>castus</span> <span class='ocrx_word' id='word_1_54' title='bbox 443 1061 571 1123; x_wconf 87' lang='lat' dir='ltr'>intactus</span> <span class='ocrx_word' id='word_1_55' title='bbox 592 1060 685 1138; x_wconf 87' lang='lat' dir='ltr'>rudis,</span> 
     </span>
    </p>

    <p class='ocr_par' dir='ltr' id='par_1_6' title="bbox 94 1142 763 1225">
     <span class='ocr_line' id='line_1_11' title="bbox 94 1142 763 1225; baseline 0.001 -19"><span class='ocrx_word' id='word_1_56' title='bbox 94 1145 167 1206; x_wconf 91' lang='lat' dir='ltr'>mibi</span> <span class='ocrx_word' id='word_1_57' title='bbox 188 1156 217 1207; x_wconf 92' lang='lat' dir='ltr'>te</span> <span class='ocrx_word' id='word_1_58' title='bbox 239 1142 393 1207; x_wconf 82' lang='lat' dir='ltr'>reservas?</span> <span class='ocrx_word' id='word_1_59' title='bbox 419 1163 435 1206; x_wconf 88' lang='lat' dir='ltr'>a</span> <span class='ocrx_word' id='word_1_60' title='bbox 457 1163 522 1207; x_wconf 93' lang='lat' dir='ltr'>meo</span> <span class='ocrx_word' id='word_1_61' title='bbox 545 1145 674 1225; x_wconf 91' lang='lat' dir='ltr'>primum</span> <span class='ocrx_word' id='word_1_62' title='bbox 697 1154 763 1207; x_wconf 91' lang='lat' dir='ltr'>toro</span> 
     </span>
    </p>

    <p class='ocr_par' dir='ltr' id='par_1_7' title="bbox 93 1228 745 1310">
     <span class='ocr_line' id='line_1_12' title="bbox 93 1228 745 1310; baseline -0.003 -18"><span class='ocrx_word' id='word_1_63' title='bbox 93 1239 124 1292; x_wconf 89' lang='lat' dir='ltr'>et</span> <span class='ocrx_word' id='word_1_64' title='bbox 146 1231 257 1291; x_wconf 89' lang='lat' dir='ltr'>scelere</span> <span class='ocrx_word' id='word_1_65' title='bbox 278 1238 360 1292; x_wconf 90' lang='lat' dir='ltr'>tanto</span> <span class='ocrx_word' id='word_1_66' title='bbox 383 1230 493 1310; x_wconf 82' lang='lat' dir='ltr'>placuit</span> <span class='ocrx_word' id='word_1_67' title='bbox 515 1229 606 1292; x_wconf 89' lang='lat' dir='ltr'>ordiri</span> <span class='ocrx_word' id='word_1_68' title='bbox 627 1228 745 1294; x_wconf 84' lang='lat' dir='ltr'>virum‘l</span> 
     </span>
    </p>

    <p class='ocr_par' dir='ltr' id='par_1_8' title="bbox 94 1315 729 1396">
     <span class='ocr_line' id='line_1_13' title="bbox 94 1315 729 1396; baseline 0 -20"><span class='ocrx_word' id='word_1_69' title='bbox 94 1317 151 1377; x_wconf 94' lang='lat' dir='ltr'>iam</span> <span class='ocrx_word' id='word_1_70' title='bbox 174 1315 231 1377; x_wconf 88' lang='lat' dir='ltr'>iam</span> <span class='ocrx_word' id='word_1_71' title='bbox 253 1334 384 1395; x_wconf 90' lang='lat' dir='ltr'>superno</span> <span class='ocrx_word' id='word_1_72' title='bbox 408 1315 523 1376; x_wconf 93' lang='lat' dir='ltr'>numini</span> <span class='ocrx_word' id='word_1_73' title='bbox 545 1324 643 1394; x_wconf 85' lang='lat' dir='ltr'>grates</span> <span class='ocrx_word' id='word_1_74' title='bbox 664 1334 729 1396; x_wconf 84' lang='lat' dir='ltr'>ago,</span> 
     </span>
    </p>

    <p class='ocr_par' dir='ltr' id='par_1_9' title="bbox 94 1399 776 1480">
     <span class='ocr_line' id='line_1_14' title="bbox 94 1399 776 1480; baseline 0.003 -19"><span class='ocrx_word' id='word_1_75' title='bbox 94 1401 174 1479; x_wconf 93' lang='lat' dir='ltr'>quod</span> <span class='ocrx_word' id='word_1_76' title='bbox 198 1401 254 1462; x_wconf 87' lang='lat' dir='ltr'>ieta</span> <span class='ocrx_word' id='word_1_77' title='bbox 277 1408 376 1462; x_wconf 89' lang='lat' dir='ltr'>nostra</span> <span class='ocrx_word' id='word_1_78' title='bbox 398 1399 504 1461; x_wconf 91' lang='lat' dir='ltr'>cecidit</span> <span class='ocrx_word' id='word_1_79' title='bbox 526 1399 654 1480; x_wconf 78' lang='lat' dir='ltr'>Antiope</span> <span class='ocrx_word' id='word_1_80' title='bbox 675 1419 776 1475; x_wconf 86' lang='lat' dir='ltr'>manu,</span> 
     </span>
    </p>

    <p class='ocr_par' dir='ltr' id='par_1_10' title="bbox 92 1484 821 1735">
     <span class='ocr_line' id='line_1_15' title="bbox 92 1484 821 1565; baseline 0 -20"><span class='ocrx_word' id='word_1_81' title='bbox 92 1485 173 1565; x_wconf 92' lang='lat' dir='ltr'>quod</span> <span class='ocrx_word' id='word_1_82' title='bbox 197 1504 258 1546; x_wconf 94' lang='lat' dir='ltr'>non</span> <span class='ocrx_word' id='word_1_83' title='bbox 281 1485 317 1546; x_wconf 91' lang='lat' dir='ltr'>ad</span> <span class='ocrx_word' id='word_1_84' title='bbox 338 1494 422 1545; x_wconf 84' lang='lat' dir='ltr'>antra</span> <span class='ocrx_word' id='word_1_85' title='bbox 444 1485 541 1564; x_wconf 78' lang='lat' dir='ltr'>Stygia</span> <span class='ocrx_word' id='word_1_86' title='bbox 564 1485 747 1547; x_wconf 90' lang='lat' dir='ltr'>descendens</span> <span class='ocrx_word' id='word_1_87' title='bbox 769 1484 821 1546; x_wconf 87' lang='lat' dir='ltr'>tibi</span> 
     </span>
     <span class='ocr_line' id='line_1_16' title="bbox 93 1569 810 1650; baseline 0.001 -20"><span class='ocrx_word' id='word_1_88' title='bbox 93 1577 218 1630; x_wconf 90' lang='lat' dir='ltr'>matrem</span> <span class='ocrx_word' id='word_1_89' title='bbox 240 1570 357 1648; x_wconf 88' lang='lat' dir='ltr'>reliqui.</span> <span class='ocrx_word' id='word_1_90' title='bbox 401 1570 546 1648; x_wconf 79' lang='lat' dir='ltr'>profugus</span> <span class='ocrx_word' id='word_1_91' title='bbox 568 1569 683 1647; x_wconf 82' lang='lat' dir='ltr'>ignotas</span> <span class='ocrx_word' id='word_1_92' title='bbox 704 1570 810 1650; x_wconf 88' lang='lat' dir='ltr'>procul</span> 
     </span>
     <span class='ocr_line' id='line_1_17' title="bbox 94 1653 746 1735; baseline -0.005 -19"><span class='ocrx_word' id='word_1_93' title='bbox 94 1672 237 1735; x_wconf 83' lang='lat' dir='ltr'>percurre</span> <span class='ocrx_word' id='word_1_94' title='bbox 259 1663 377 1734; x_wconf 86' lang='lat' dir='ltr'>gentes:</span> <span class='ocrx_word' id='word_1_95' title='bbox 401 1663 430 1715; x_wconf 94' lang='lat' dir='ltr'>te</span> <span class='ocrx_word' id='word_1_96' title='bbox 452 1653 521 1715; x_wconf 89' lang='lat' dir='ltr'>lieet</span> <span class='ocrx_word' id='word_1_97' title='bbox 542 1661 620 1714; x_wconf 89' lang='lat' dir='ltr'>terra</span> <span class='ocrx_word' id='word_1_98' title='bbox 643 1654 746 1716; x_wconf 88' lang='lat' dir='ltr'>ultimo</span> 
     </span>
    </p>

    <p class='ocr_par' dir='ltr' id='par_1_11' title="bbox 92 1737 760 1818">
     <span class='ocr_line' id='line_1_18' title="bbox 92 1737 760 1818; baseline -0.001 -18"><span class='ocrx_word' id='word_1_99' title='bbox 92 1749 238 1800; x_wconf 91' lang='lat' dir='ltr'>summota</span> <span class='ocrx_word' id='word_1_100' title='bbox 260 1738 372 1799; x_wconf 91' lang='lat' dir='ltr'>mundo</span> <span class='ocrx_word' id='word_1_101' title='bbox 395 1739 511 1801; x_wconf 86' lang='lat' dir='ltr'>dirimat</span> <span class='ocrx_word' id='word_1_102' title='bbox 534 1737 644 1800; x_wconf 82' lang='lat' dir='ltr'>Oceani</span> <span class='ocrx_word' id='word_1_103' title='bbox 666 1738 760 1818; x_wconf 84' lang='lat' dir='ltr'>plagis</span> 
     </span>
    </p>

    <p class='ocr_par' dir='ltr' id='par_1_12' title="bbox 92 1821 828 1903">
     <span class='ocr_line' id='line_1_19' title="bbox 92 1821 828 1903; baseline 0.003 -20"><span class='ocrx_word' id='word_1_104' title='bbox 92 1824 255 1902; x_wconf 89' lang='lat' dir='ltr'>orbemque</span> <span class='ocrx_word' id='word_1_105' title='bbox 278 1823 389 1885; x_wconf 89' lang='lat' dir='ltr'>nostris</span> <span class='ocrx_word' id='word_1_106' title='bbox 411 1823 537 1903; x_wconf 92' lang='lat' dir='ltr'>pedibus</span> <span class='ocrx_word' id='word_1_107' title='bbox 560 1822 715 1885; x_wconf 87' lang='lat' dir='ltr'>obversum</span> <span class='ocrx_word' id='word_1_108' title='bbox 738 1821 828 1897; x_wconf 84' lang='lat' dir='ltr'>colas,</span> 
     </span>
    </p>

    <p class='ocr_par' dir='ltr' id='par_1_13' title="bbox 93 1906 789 1988">
     <span class='ocr_line' id='line_1_20' title="bbox 93 1906 789 1988; baseline -0.001 -18"><span class='ocrx_word' id='word_1_109' title='bbox 93 1908 162 1970; x_wconf 87' lang='lat' dir='ltr'>lieet</span> <span class='ocrx_word' id='word_1_110' title='bbox 183 1909 213 1968; x_wconf 95' lang='lat' dir='ltr'>in</span> <span class='ocrx_word' id='word_1_111' title='bbox 237 1926 356 1970; x_wconf 88' lang='lat' dir='ltr'>recessu</span> <span class='ocrx_word' id='word_1_112' title='bbox 378 1907 497 1988; x_wconf 89' lang='lat' dir='ltr'>penitus</span> <span class='ocrx_word' id='word_1_113' title='bbox 520 1915 650 1969; x_wconf 86' lang='lat' dir='ltr'>extremo</span> <span class='ocrx_word' id='word_1_114' title='bbox 673 1906 789 1970; x_wconf 90' lang='lat' dir='ltr'>abditus</span> 
     </span>
    </p>

    <p class='ocr_par' dir='ltr' id='par_1_14' title="bbox 93 1991 704 2072">
     <span class='ocr_line' id='line_1_21' title="bbox 93 1991 704 2072; baseline -0.003 -18"><span class='ocrx_word' id='word_1_115' title='bbox 93 1993 237 2054; x_wconf 81' lang='lat' dir='ltr'>horrifera</span> <span class='ocrx_word' id='word_1_116' title='bbox 261 1992 331 2054; x_wconf 91' lang='lat' dir='ltr'>celsi</span> <span class='ocrx_word' id='word_1_117' title='bbox 353 2011 445 2072; x_wconf 83' lang='lat' dir='ltr'>regna</span> <span class='ocrx_word' id='word_1_118' title='bbox 468 1992 620 2054; x_wconf 89' lang='lat' dir='ltr'>transieris</span> <span class='ocrx_word' id='word_1_119' title='bbox 642 1991 704 2072; x_wconf 93' lang='lat' dir='ltr'>poli</span> 
     </span>
    </p>

    <p class='ocr_par' dir='ltr' id='par_1_15' title="bbox 94 2076 781 2157">
     <span class='ocr_line' id='line_1_22' title="bbox 94 2076 781 2157; baseline -0.001 -19"><span class='ocrx_word' id='word_1_120' title='bbox 94 2078 266 2157; x_wconf 87' lang='lat' dir='ltr'>hiemesque</span> <span class='ocrx_word' id='word_1_121' title='bbox 288 2096 378 2157; x_wconf 92' lang='lat' dir='ltr'>supra</span> <span class='ocrx_word' id='word_1_122' title='bbox 400 2076 515 2156; x_wconf 92' lang='lat' dir='ltr'>positus</span> <span class='ocrx_word' id='word_1_123' title='bbox 537 2085 567 2138; x_wconf 92' lang='lat' dir='ltr'>et</span> <span class='ocrx_word' id='word_1_124' title='bbox 589 2095 677 2139; x_wconf 88' lang='lat' dir='ltr'>canas</span> <span class='ocrx_word' id='word_1_125' title='bbox 699 2077 781 2138; x_wconf 87' lang='lat' dir='ltr'>nives</span> 
     </span>
    </p>

    <p class='ocr_par' dir='ltr' id='par_1_16' title="bbox 91 2161 758 2242">
     <span class='ocr_line' id='line_1_23' title="bbox 91 2161 758 2242; baseline 0 -19"><span class='ocrx_word' id='word_1_126' title='bbox 91 2162 182 2241; x_wconf 81' lang='lat' dir='ltr'>gelidi</span> <span class='ocrx_word' id='word_1_127' title='bbox 204 2164 364 2225; x_wconf 84' lang='lat' dir='ltr'>frementes</span> <span class='ocrx_word' id='word_1_128' title='bbox 386 2162 508 2242; x_wconf 87' lang='lat' dir='ltr'>liqueris</span> <span class='ocrx_word' id='word_1_129' title='bbox 530 2162 641 2224; x_wconf 86' lang='lat' dir='ltr'>Boreae</span> <span class='ocrx_word' id='word_1_130' title='bbox 662 2161 758 2223; x_wconf 90' lang='lat' dir='ltr'>minas</span> 
     </span>
    </p>

    <p class='ocr_par' dir='ltr' id='par_1_17' title="bbox 92 2245 1021 2577">
     <span class='ocr_line' id='line_1_24' title="bbox 92 2245 808 2328; baseline -0.001 -21"><span class='ocrx_word' id='word_1_131' title='bbox 92 2255 162 2328; x_wconf 92' lang='lat' dir='ltr'>post</span> <span class='ocrx_word' id='word_1_132' title='bbox 184 2256 212 2308; x_wconf 91' lang='lat' dir='ltr'>te</span> <span class='ocrx_word' id='word_1_133' title='bbox 233 2248 377 2320; x_wconf 80' lang='lat' dir='ltr'>furentes,</span> <span class='ocrx_word' id='word_1_134' title='bbox 400 2246 563 2308; x_wconf 88' lang='lat' dir='ltr'>sceleribus</span> <span class='ocrx_word' id='word_1_135' title='bbox 584 2264 695 2326; x_wconf 88' lang='lat' dir='ltr'>poenas</span> <span class='ocrx_word' id='word_1_136' title='bbox 718 2245 808 2307; x_wconf 91' lang='lat' dir='ltr'>dabis.</span> 
     </span>
     <span class='ocr_line' id='line_1_25' title="bbox 93 2331 1021 2412; baseline -0.002 -20"><span class='ocrx_word' id='word_1_137' title='bbox 93 2332 253 2412; x_wconf 85' lang='lat' dir='ltr'>profugum</span> <span class='ocrx_word' id='word_1_138' title='bbox 275 2349 330 2411; x_wconf 91' lang='lat' dir='ltr'>per</span> <span class='ocrx_word' id='word_1_139' title='bbox 351 2350 454 2393; x_wconf 90' lang='lat' dir='ltr'>omnes</span> <span class='ocrx_word' id='word_1_140' title='bbox 476 2332 611 2411; x_wconf 80' lang='lat' dir='ltr'>pertinax</span> <span class='ocrx_word' id='word_1_141' title='bbox 631 2331 756 2393; x_wconf 90' lang='lat' dir='ltr'>latebras</span> <span class='ocrx_word' id='word_1_142' title='bbox 778 2348 926 2412; x_wconf 86' lang='lat' dir='ltr'>premam:</span> <span class='ocrx_word' id='word_1_143' title='bbox 1017 2402 1021 2409; x_wconf 32' lang='grc'><strong>,</strong></span> 
     </span>
     <span class='ocr_line' id='line_1_26' title="bbox 93 2415 766 2494; baseline 0.001 -17"><span class='ocrx_word' id='word_1_144' title='bbox 93 2416 255 2494; x_wconf 85' lang='lat' dir='ltr'>longinqua</span> <span class='ocrx_word' id='word_1_145' title='bbox 279 2416 376 2486; x_wconf 90' lang='lat' dir='ltr'>clausa</span> <span class='ocrx_word' id='word_1_146' title='bbox 398 2416 531 2477; x_wconf 91' lang='lat' dir='ltr'>abstrusa</span> <span class='ocrx_word' id='word_1_147' title='bbox 554 2415 667 2478; x_wconf 87' lang='lat' dir='ltr'>diversa</span> <span class='ocrx_word' id='word_1_148' title='bbox 689 2415 766 2478; x_wconf 86' lang='lat' dir='ltr'>invia</span> 
     </span>
     <span class='ocr_line' id='line_1_27' title="bbox 96 2500 801 2577; baseline 0.001 -15"><span class='ocrx_word' id='word_1_149' title='bbox 96 2501 277 2577; x_wconf 78' lang='lat' dir='ltr'>emebemur,</span> <span class='ocrx_word' id='word_1_150' title='bbox 300 2501 401 2562; x_wconf 93' lang='lat' dir='ltr'>nullus</span> <span class='ocrx_word' id='word_1_151' title='bbox 423 2500 549 2564; x_wconf 90' lang='lat' dir='ltr'>obstabit</span> <span class='ocrx_word' id='word_1_152' title='bbox 569 2500 668 2562; x_wconf 91' lang='lat' dir='ltr'>locus:</span> <span class='ocrx_word' id='word_1_153' title='bbox 795 2553 801 2563; x_wconf 88' lang='grc'><strong><em>,</em></strong></span> 
     </span>
    </p>

    <p class='ocr_par' dir='ltr' id='par_1_18' title="bbox 92 2585 929 2749">
     <span class='ocr_line' id='line_1_28' title="bbox 92 2585 929 2665; baseline 0.001 -19"><span class='ocrx_word' id='word_1_154' title='bbox 92 2585 153 2646; x_wconf 89' lang='lat' dir='ltr'>scis</span> <span class='ocrx_word' id='word_1_155' title='bbox 175 2587 254 2647; x_wconf 92' lang='lat' dir='ltr'>unde</span> <span class='ocrx_word' id='word_1_156' title='bbox 276 2585 401 2647; x_wconf 88' lang='lat' dir='ltr'>redeam.</span> <span class='ocrx_word' id='word_1_157' title='bbox 445 2587 502 2647; x_wconf 88' lang='lat' dir='ltr'>tela</span> <span class='ocrx_word' id='word_1_158' title='bbox 525 2603 584 2663; x_wconf 95' lang='lat' dir='ltr'>quo</span> <span class='ocrx_word' id='word_1_159' title='bbox 607 2585 681 2648; x_wconf 89' lang='lat' dir='ltr'>mitti</span> <span class='ocrx_word' id='word_1_160' title='bbox 705 2585 782 2647; x_wconf 89' lang='lat' dir='ltr'>baud</span> <span class='ocrx_word' id='word_1_161' title='bbox 805 2593 929 2665; x_wconf 86' lang='lat' dir='ltr'>queunt,</span> 
     </span>
     <span class='ocr_line' id='line_1_29' title="bbox 93 2669 835 2749; baseline -0.001 -18"><span class='ocrx_word' id='word_1_162' title='bbox 93 2671 154 2731; x_wconf 89' lang='lat' dir='ltr'>buc</span> <span class='ocrx_word' id='word_1_163' title='bbox 176 2680 242 2731; x_wconf 87' lang='lat' dir='ltr'>vota</span> <span class='ocrx_word' id='word_1_164' title='bbox 263 2670 385 2731; x_wconf 87' lang='lat' dir='ltr'>mittam.</span> <span class='ocrx_word' id='word_1_165' title='bbox 430 2670 547 2748; x_wconf 79' lang='lat' dir='ltr'>genitor</span> <span class='ocrx_word' id='word_1_166' title='bbox 567 2688 733 2749; x_wconf 89' lang='lat' dir='ltr'>aequoreus</span> <span class='ocrx_word' id='word_1_167' title='bbox 755 2669 835 2731; x_wconf 88' lang='lat' dir='ltr'>dedit</span> 
     </span>
    </p>

    <p class='ocr_par' dir='ltr' id='par_1_19' title="bbox 94 2754 714 2834">
     <span class='ocr_line' id='line_1_30' title="bbox 94 2754 714 2834; baseline -0.005 -17"><span class='ocrx_word' id='word_1_168' title='bbox 94 2765 128 2817; x_wconf 93' lang='lat' dir='ltr'>ut</span> <span class='ocrx_word' id='word_1_169' title='bbox 148 2764 213 2816; x_wconf 81' lang='lat' dir='ltr'>vota</span> <span class='ocrx_word' id='word_1_170' title='bbox 236 2773 332 2834; x_wconf 89' lang='lat' dir='ltr'>prono</span> <span class='ocrx_word' id='word_1_171' title='bbox 353 2763 437 2815; x_wconf 88' lang='lat' dir='ltr'>terna</span> <span class='ocrx_word' id='word_1_172' title='bbox 460 2754 625 2833; x_wconf 89' lang='lat' dir='ltr'>concipiam</span> <span class='ocrx_word' id='word_1_173' title='bbox 648 2754 714 2830; x_wconf 90' lang='lat' dir='ltr'>deo,</span> 
     </span>
    </p>

    <p class='ocr_par' dir='ltr' id='par_1_20' title="bbox 92 2838 725 2918">
     <span class='ocr_line' id='line_1_31' title="bbox 92 2838 725 2918; baseline 0 -18"><span class='ocrx_word' id='word_1_174' title='bbox 92 2850 125 2901; x_wconf 91' lang='lat' dir='ltr'>et</span> <span class='ocrx_word' id='word_1_175' title='bbox 146 2840 278 2900; x_wconf 85' lang='lat' dir='ltr'>invocata</span> <span class='ocrx_word' id='word_1_176' title='bbox 300 2857 409 2900; x_wconf 91' lang='lat' dir='ltr'>munus</span> <span class='ocrx_word' id='word_1_177' title='bbox 431 2839 488 2899; x_wconf 93' lang='lat' dir='ltr'>boc</span> <span class='ocrx_word' id='word_1_178' title='bbox 509 2838 605 2901; x_wconf 81' lang='lat' dir='ltr'>sanxit</span> <span class='ocrx_word' id='word_1_179' title='bbox 626 2839 725 2918; x_wconf 74' lang='lat' dir='ltr'>Styge.</span> 
     </span>
    </p>

    <p class='ocr_par' dir='ltr' id='par_1_21' title="bbox 91 2923 870 3257">
     <span class='ocr_line' id='line_1_32' title="bbox 180 2923 870 3002; baseline 0 -18"><span class='ocrx_word' id='word_1_180' title='bbox 180 2924 225 2984; x_wconf 86' lang='lat' dir='ltr'>En</span> <span class='ocrx_word' id='word_1_181' title='bbox 248 2941 356 3002; x_wconf 84' lang='lat' dir='ltr'>perage</span> <span class='ocrx_word' id='word_1_182' title='bbox 378 2925 488 2985; x_wconf 93' lang='lat' dir='ltr'>donum</span> <span class='ocrx_word' id='word_1_183' title='bbox 511 2924 603 2998; x_wconf 86' lang='lat' dir='ltr'>triste,</span> <span class='ocrx_word' id='word_1_184' title='bbox 625 2933 766 3001; x_wconf 83' lang='lat' dir='ltr'>regnator</span> <span class='ocrx_word' id='word_1_185' title='bbox 788 2923 870 2988; x_wconf 85' lang='lat' dir='ltr'>iretil</span> 
     </span>
     <span class='ocr_line' id='line_1_33' title="bbox 95 3007 827 3089; baseline 0.001 -21"><span class='ocrx_word' id='word_1_186' title='bbox 95 3027 156 3069; x_wconf 92' lang='lat' dir='ltr'>non</span> <span class='ocrx_word' id='word_1_187' title='bbox 179 3018 280 3069; x_wconf 89' lang='lat' dir='ltr'>cernat</span> <span class='ocrx_word' id='word_1_188' title='bbox 301 3009 376 3069; x_wconf 91' lang='lat' dir='ltr'>ultra</span> <span class='ocrx_word' id='word_1_189' title='bbox 398 3008 528 3069; x_wconf 93' lang='lat' dir='ltr'>lucidum</span> <span class='ocrx_word' id='word_1_190' title='bbox 550 3007 728 3089; x_wconf 76' lang='lat' dir='ltr'>Hippolytus</span> <span class='ocrx_word' id='word_1_191' title='bbox 750 3007 827 3069; x_wconf 92' lang='lat' dir='ltr'>diem</span> 
     </span>
     <span class='ocr_line' id='line_1_34' title="bbox 91 3092 715 3173; baseline -0.003 -19"><span class='ocrx_word' id='word_1_192' title='bbox 91 3093 238 3172; x_wconf 89' lang='lat' dir='ltr'>adeatque</span> <span class='ocrx_word' id='word_1_193' title='bbox 260 3111 360 3154; x_wconf 89' lang='lat' dir='ltr'>manes</span> <span class='ocrx_word' id='word_1_194' title='bbox 382 3092 496 3154; x_wconf 90' lang='lat' dir='ltr'>iuvenis</span> <span class='ocrx_word' id='word_1_195' title='bbox 518 3092 607 3155; x_wconf 91' lang='lat' dir='ltr'>iratos</span> <span class='ocrx_word' id='word_1_196' title='bbox 629 3093 715 3173; x_wconf 86' lang='lat' dir='ltr'>patri.</span> 
     </span>
     <span class='ocr_line' id='line_1_35' title="bbox 96 3177 847 3257; baseline 0 -19"><span class='ocrx_word' id='word_1_197' title='bbox 96 3179 141 3239; x_wconf 88' lang='lat' dir='ltr'>ier</span> <span class='ocrx_word' id='word_1_198' title='bbox 161 3177 386 3238; x_wconf 86' lang='lat' dir='ltr'>abominandam</span> <span class='ocrx_word' id='word_1_199' title='bbox 409 3197 490 3239; x_wconf 95' lang='lat' dir='ltr'>nunc</span> <span class='ocrx_word' id='word_1_200' title='bbox 512 3196 599 3257; x_wconf 93' lang='lat' dir='ltr'>opem</span> <span class='ocrx_word' id='word_1_201' title='bbox 622 3185 701 3253; x_wconf 87' lang='lat' dir='ltr'>nato,</span> <span class='ocrx_word' id='word_1_202' title='bbox 724 3194 847 3256; x_wconf 89' lang='lat' dir='ltr'>parens:</span> 
     </span>
    </p>

    <p class='ocr_par' dir='ltr' id='par_1_22' title="bbox 62 3262 849 3682">
     <span class='ocr_line' id='line_1_36' title="bbox 62 3262 801 3342; baseline -0.001 -19"><span class='ocrx_word' id='word_1_203' title='bbox 62 3302 65 3305; x_wconf 93' lang='lat'><em>-</em></span> <span class='ocrx_word' id='word_1_204' title='bbox 95 3280 256 3340; x_wconf 88' lang='lat' dir='ltr'>numquam</span> <span class='ocrx_word' id='word_1_205' title='bbox 280 3280 452 3342; x_wconf 90' lang='lat' dir='ltr'>supremum</span> <span class='ocrx_word' id='word_1_206' title='bbox 474 3263 605 3324; x_wconf 90' lang='lat' dir='ltr'>numinis</span> <span class='ocrx_word' id='word_1_207' title='bbox 627 3280 737 3323; x_wconf 91' lang='lat' dir='ltr'>munus</span> <span class='ocrx_word' id='word_1_208' title='bbox 757 3262 801 3323; x_wconf 92' lang='lat' dir='ltr'>tui</span> 
     </span>
     <span class='ocr_line' id='line_1_37' title="bbox 95 3346 849 3427; baseline -0.001 -20"><span class='ocrx_word' id='word_1_209' title='bbox 95 3365 349 3423; x_wconf 88' lang='lat' dir='ltr'>consumeremus,</span> <span class='ocrx_word' id='word_1_210' title='bbox 370 3365 475 3425; x_wconf 83' lang='lat' dir='ltr'>magna</span> <span class='ocrx_word' id='word_1_211' title='bbox 498 3347 529 3408; x_wconf 90' lang='lat' dir='ltr'>ni</span> <span class='ocrx_word' id='word_1_212' title='bbox 552 3353 720 3427; x_wconf 89' lang='lat' dir='ltr'>premerent</span> <span class='ocrx_word' id='word_1_213' title='bbox 742 3346 849 3422; x_wconf 85' lang='lat' dir='ltr'>mala;¹</span> 
     </span>
     <span class='ocr_line' id='line_1_38' title="bbox 94 3430 829 3512; baseline -0.001 -20"><span class='ocrx_word' id='word_1_214' title='bbox 94 3432 174 3492; x_wconf 90' lang='lat' dir='ltr'>inter</span> <span class='ocrx_word' id='word_1_215' title='bbox 196 3433 343 3512; x_wconf 79' lang='lat' dir='ltr'>profunda</span> <span class='ocrx_word' id='word_1_216' title='bbox 365 3432 485 3493; x_wconf 81' lang='lat' dir='ltr'>&#39;l&#39;artara</span> <span class='ocrx_word' id='word_1_217' title='bbox 508 3440 537 3493; x_wconf 92' lang='lat' dir='ltr'>et</span> <span class='ocrx_word' id='word_1_218' title='bbox 558 3431 654 3494; x_wconf 88' lang='lat' dir='ltr'>Ditem</span> <span class='ocrx_word' id='word_1_219' title='bbox 675 3430 829 3491; x_wconf 90' lang='lat' dir='ltr'>horridum</span> 
     </span>
     <span class='ocr_line' id='line_1_39' title="bbox 93 3516 692 3595; baseline 0 -18"><span class='ocrx_word' id='word_1_220' title='bbox 93 3524 125 3577; x_wconf 92' lang='lat' dir='ltr'>et</span> <span class='ocrx_word' id='word_1_221' title='bbox 147 3516 334 3579; x_wconf 91' lang='lat' dir='ltr'>imminentes</span> <span class='ocrx_word' id='word_1_222' title='bbox 356 3517 435 3595; x_wconf 84' lang='lat' dir='ltr'>regis</span> <span class='ocrx_word' id='word_1_223' title='bbox 457 3516 566 3578; x_wconf 89' lang='lat' dir='ltr'>inlerni</span> <span class='ocrx_word' id='word_1_224' title='bbox 587 3516 692 3592; x_wconf 87' lang='lat' dir='ltr'>minas,</span> 
     </span>
     <span class='ocr_line' id='line_1_40' title="bbox 95 3599 793 3682; baseline 0.001 -22"><span class='ocrx_word' id='word_1_225' title='bbox 95 3607 162 3662; x_wconf 84' lang='lat' dir='ltr'>roto</span> <span class='ocrx_word' id='word_1_226' title='bbox 185 3603 321 3682; x_wconf 90' lang='lat' dir='ltr'>peperci:</span> <span class='ocrx_word' id='word_1_227' title='bbox 345 3601 435 3663; x_wconf 89' lang='lat' dir='ltr'>redde</span> <span class='ocrx_word' id='word_1_228' title='bbox 458 3620 539 3662; x_wconf 93' lang='lat' dir='ltr'>nunc</span> <span class='ocrx_word' id='word_1_229' title='bbox 561 3609 675 3681; x_wconf 89' lang='lat' dir='ltr'>pactam</span> <span class='ocrx_word' id='word_1_230' title='bbox 696 3599 793 3662; x_wconf 82' lang='lat' dir='ltr'>tidem.</span> 
     </span>
    </p>
   </div>
   <div class='ocr_carea' id='block_1_3' title="bbox 95 3713 299 3725">
    <p class='ocr_par' dir='ltr' id='par_1_23' title="bbox 95 3713 299 3725">
     <span class='ocr_line' id='line_1_41' title="bbox 95 3713 299 3725; baseline -0.005 -2"><span class='ocrx_word' id='word_1_231' title='bbox 95 3713 299 3725; x_wconf 66' lang='lat' dir='ltr'>——tuu--u—</span> 
     </span>
    </p>
   </div>
   <div class='ocr_carea' id='block_1_4' title="bbox 92 3746 1165 4022">
    <p class='ocr_par' dir='ltr' id='par_1_24' title="bbox 92 3746 1165 4022">
     <span class='ocr_line' id='line_1_42' title="bbox 181 3746 1164 3818; baseline -0.005 -14"><span class='ocrx_word' id='word_1_232' title='bbox 181 3755 229 3804; x_wconf 69' lang='grc'>911</span> <span class='ocrx_word' id='word_1_233' title='bbox 249 3757 276 3804; x_wconf 90' lang='lat' dir='ltr'>et</span> <span class='ocrx_word' id='word_1_234' title='bbox 297 3755 403 3818; x_wconf 85' lang='lat' dir='ltr'>aspectu</span> <span class='ocrx_word' id='word_1_235' title='bbox 426 3764 504 3818; x_wconf 76' lang='lat' dir='ltr'>gnare</span> <span class='ocrx_word' id='word_1_236' title='bbox 526 3751 551 3801; x_wconf 87' lang='lat' dir='ltr'><em>A</em></span> <span class='ocrx_word' id='word_1_237' title='bbox 637 3751 686 3803; x_wconf 85' lang='grc'>919</span> <span class='ocrx_word' id='word_1_238' title='bbox 706 3749 812 3802; x_wconf 88' lang='lat' dir='ltr'>turbidis</span> <span class='ocrx_word' id='word_1_239' title='bbox 833 3756 853 3815; x_wconf 87' lang='grc' dir='ltr'><strong><em>ς</em></strong></span> <span class='ocrx_word' id='word_1_240' title='bbox 938 3751 988 3803; x_wconf 82' lang='grc'>937</span> <span class='ocrx_word' id='word_1_241' title='bbox 1006 3750 1081 3816; x_wconf 89' lang='lat' dir='ltr'>poste</span> <span class='ocrx_word' id='word_1_242' title='bbox 1104 3747 1122 3801; x_wconf 89' lang='lat' dir='ltr'>l.</span> <span class='ocrx_word' id='word_1_243' title='bbox 1139 3746 1164 3798; x_wconf 81' lang='lat' dir='ltr'>ll</span> 
     </span>
     <span class='ocr_line' id='line_1_43' title="bbox 92 3817 1162 3885; baseline -0.003 -13"><span class='ocrx_word' id='word_1_244' title='bbox 92 3821 146 3872; x_wconf 83' lang='grc'>938</span> <span class='ocrx_word' id='word_1_245' title='bbox 165 3819 288 3872; x_wconf 76' lang='lat' dir='ltr'>omnisd</span> <span class='ocrx_word' id='word_1_246' title='bbox 340 3823 390 3874; x_wconf 87' lang='grc'>939</span> <span class='ocrx_word' id='word_1_247' title='bbox 407 3819 571 3885; x_wconf 78' lang='lat' dir='ltr'>longinquam</span> <span class='ocrx_word' id='word_1_248' title='bbox 589 3817 615 3869; x_wconf 76' lang='lat' dir='ltr'>lt</span> <span class='ocrx_word' id='word_1_249' title='bbox 682 3821 740 3871; x_wconf 88' lang='grc'>941.</span> <span class='ocrx_word' id='word_1_250' title='bbox 760 3819 810 3872; x_wconf 76' lang='grc'>942</span> <span class='ocrx_word' id='word_1_251' title='bbox 828 3819 878 3870; x_wconf 88' lang='lat' dir='ltr'>buc</span> <span class='ocrx_word' id='word_1_252' title='bbox 896 3819 957 3869; x_wconf 81' lang='lat' dir='ltr'>vota</span> <span class='ocrx_word' id='word_1_253' title='bbox 974 3817 1081 3880; x_wconf 77' lang='lat' dir='ltr'>mittam,</span> <span class='ocrx_word' id='word_1_254' title='bbox 1100 3819 1162 3882; x_wconf 77' lang='lat' dir='ltr'>tq·</span> 
     </span>
     <span class='ocr_line' id='line_1_44' title="bbox 94 3884 1165 3954; baseline -0.001 -16"><span class='ocrx_word' id='word_1_255' title='bbox 94 3901 129 3938; x_wconf 89' lang='lat' dir='ltr'>m.</span> <span class='ocrx_word' id='word_1_256' title='bbox 146 3887 171 3938; x_wconf 80' lang='lat' dir='ltr'>ln.</span> <span class='ocrx_word' id='word_1_257' title='bbox 190 3903 229 3953; x_wconf 90' lang='lat' dir='ltr'>q.:</span> <span class='ocrx_word' id='word_1_258' title='bbox 245 3887 250 3954; x_wconf 82' lang='grc'>1</span> <span class='ocrx_word' id='word_1_259' title='bbox 265 3888 315 3939; x_wconf 87' lang='lat' dir='ltr'>seis</span> <span class='ocrx_word' id='word_1_260' title='bbox 336 3886 404 3939; x_wconf 92' lang='lat' dir='ltr'>unde</span> <span class='ocrx_word' id='word_1_261' title='bbox 425 3887 535 3939; x_wconf 83' lang='lat' dir='ltr'>redeam.</span> <span class='ocrx_word' id='word_1_262' title='bbox 561 3901 587 3954; x_wconf 75' lang='lat' dir='ltr'>g.</span> <span class='ocrx_word' id='word_1_263' title='bbox 604 3900 627 3939; x_wconf 88' lang='lat' dir='ltr'>a.</span> <span class='ocrx_word' id='word_1_264' title='bbox 645 3886 671 3940; x_wconf 93' lang='lat' dir='ltr'>d.</span> <span class='ocrx_word' id='word_1_265' title='bbox 690 3888 715 3937; x_wconf 87' lang='lat' dir='ltr'><em>A</em></span> <span class='ocrx_word' id='word_1_266' title='bbox 744 3930 746 3933; x_wconf 92' lang='lat'><em>.</em></span> <span class='ocrx_word' id='word_1_267' title='bbox 788 3888 838 3941; x_wconf 84' lang='grc'>949</span> <span class='ocrx_word' id='word_1_268' title='bbox 857 3885 958 3952; x_wconf 70' lang='lat' dir='ltr'>trinag</span> <span class='ocrx_word' id='word_1_269' title='bbox 1032 3888 1080 3939; x_wconf 81' lang='grc'>947</span> <span class='ocrx_word' id='word_1_270' title='bbox 1100 3884 1165 3938; x_wconf 81' lang='lat' dir='ltr'>irato</span> 
     </span>
     <span class='ocr_line' id='line_1_45' title="bbox 94 3955 538 4022; baseline -0.002 -16"><span class='ocrx_word' id='word_1_271' title='bbox 94 3958 208 4022; x_wconf 81' lang='lat' dir='ltr'>petreA</span> <span class='ocrx_word' id='word_1_272' title='bbox 266 3958 315 4008; x_wconf 88' lang='grc'>949</span> <span class='ocrx_word' id='word_1_273' title='bbox 333 3971 496 4022; x_wconf 85' lang='lat' dir='ltr'>suppremum</span> <span class='ocrx_word' id='word_1_274' title='bbox 512 3955 538 4005; x_wconf 79' lang='lat' dir='ltr'>ll</span> 
     </span>
    </p>
   </div>
   <div class='ocr_carea' id='block_1_5' title="bbox 148 4025 1001 4106">
    <p class='ocr_par' dir='ltr' id='par_1_25' title="bbox 148 4025 1001 4106">
     <span class='ocr_line' id='line_1_46' title="bbox 148 4025 1001 4106; baseline 0.005 -17"><span class='ocrx_word' id='word_1_275' title='bbox 148 4049 245 4091; x_wconf 77' lang='lat' dir='ltr'>Senecae</span> <span class='ocrx_word' id='word_1_276' title='bbox 259 4047 384 4101; x_wconf 73' lang='lat' dir='ltr'>tragoedico</span> <span class='ocrx_word' id='word_1_277' title='bbox 397 4046 425 4089; x_wconf 92' lang='lat'>11.</span> <span class='ocrx_word' id='word_1_278' title='bbox 601 4102 603 4106; x_wconf 28' lang='grc' dir='ltr'>Ι</span> <span class='ocrx_word' id='word_1_279' title='bbox 931 4042 959 4093; x_wconf 81' lang='grc'>11</span> <span class='ocrx_word' id='word_1_280' title='bbox 999 4025 1001 4029; x_wconf 14' lang='lat'>⁸</span> 
     </span>
    </p>
   </div>
   <div class='ocr_carea' id='block_1_6' title="bbox 0 0 1294 4366">
    <p class='ocr_par' dir='ltr' id='par_1_26' title="bbox 0 0 1294 4366">
     <span class='ocr_line' id='line_1_47' title="bbox 0 0 1294 4366; baseline 0 0"><span class='ocrx_word' id='word_1_281' title='bbox 0 0 1294 4366; x_wconf 95' lang='lat' dir='ltr'> </span> 
     </span>
    </p>
   </div>
  </div>
 </body>
</html>
