2580 4366
514 223 688 267 rnonulsstn

62 370 138 432 illud
160 389 277 434 cruore.
322 391 426 452 magna
448 374 595 453 praesagit
616 374 691 436 mala

61 463 206 538 paternus
229 457 354 519 animus.
401 458 474 520 iacta
496 459 553 519 iarn
575 466 647 520 sunt
668 461 780 523 semina

62 542 154 603 cladis
176 543 310 604 futurae:
334 544 487 624 spernitur
509 544 586 624 pacti
608 544 696 618 fides3

62 627 112 688 hic
136 636 279 709 occupato
302 629 406 690 cedere
427 628 553 708 imperio
576 637 673 707 negat,

62 713 111 773 ius
132 713 182 774 ille
205 722 234 776 et
255 712 305 773 icti
328 713 455 775 foederis
476 720 566 774 testes
590 713 660 774 deos

62 796 181 858 invocat
203 806 233 858 et
254 799 349 876 Argos
372 799 439 860 exul
462 806 549 878 atque
572 798 661 859 urbes
683 810 779 862 movet

63 881 166 944 Graias
189 883 219 943 in
242 901 338 944 arma:
363 902 424 945 non
447 883 518 944 levis
541 883 627 944 sessis
649 884 729 945 venit

62 966 150 1028 ruina
173 966 296 1048 Thebis3
319 968 375 1028 tela
398 969 532 1029 flammae
554 968 674 1029 vulnera

62 1051 176 1113 instant
198 1061 226 1114 et
247 1052 312 1113 istis
334 1053 359 1113 si
382 1053 460 1132 quod
484 1061 529 1114 est
549 1053 644 1114 maius
669 1052 792 1132 malum,

62 1144 97 1197 ut
119 1155 183 1198 esse
206 1137 322 1216 genitos
345 1156 433 1199 nemo
457 1156 517 1200 non
541 1157 576 1198 ex
598 1157 645 1199 mo
667 1138 748 1198 sciat.

62 1240 158 1283 turre.
218 1222 250 1283 Si
273 1221 364 1297 nulla,
387 1222 514 1300 genitor,
537 1241 623 1284 causa
645 1223 760 1285 vivendi
783 1223 835 1285 tibi
859 1234 912 1305 cst,

62 1307 136 1369 haec
159 1326 218 1368 una
239 1306 357 1368 abunde
381 1315 434 1381 est,
457 1315 490 1368 ut
513 1315 598 1387 pater
620 1317 705 1370 natos
727 1326 813 1388 regas

62 1393 191 1471 graviter
213 1394 356 1454 furentes.
400 1399 433 1452 tu
455 1392 537 1472 impii
562 1392 631 1453 beili
654 1394 748 1455 minas

62 1486 194 1539 avertero
217 1496 295 1540 unus
317 1486 411 1556 tuque
432 1478 590 1539 vaecordes
613 1486 697 1558 potes

62 1563 199 1624 inhibere
220 1564 352 1636 iuvenes
377 1562 489 1623 civibus
512 1581 613 1642 pacem
636 1562 715 1638 darc,

62 1647 175 1727 patriae
197 1648 336 1726 quietem,
359 1647 471 1708 foederi
493 1646 572 1708 laeso
595 1647 692 1708 fidem.

62 1732 149 1792 vitam
173 1731 226 1793 tibi
249 1733 313 1812 ipse
335 1733 360 1792 si
383 1749 483 1810 negas,
506 1731 607 1793 multis
630 1749 730 1808 negas.

63 1834 159 1878 onon.
204 1816 265 1877 lllis
286 1817 418 1896 parentis
441 1816 520 1877 ullus
543 1824 593 1878 aut
614 1815 701 1895 aequi
725 1824 769 1878 est
790 1834 882 1894 amor,

63 1901 155 1962 avidis
177 1903 292 1962 cruoris
315 1901 421 1981 imperi
444 1919 593 1962 armorum
618 1900 687 1977 doli,

63 1986 146 2059 diris,
169 1986 309 2061 scelestis,
332 1985 459 2047 breviter
482 1994 515 2047 ut
537 1986 630 2046 dicam
654 2019 697 2028 -
718 1983 814 2048 meis?

63 2078 180 2132 certant
200 2071 231 2133 in
255 2089 343 2132 omne
366 2071 480 2132 facinus
503 2077 532 2131 et
553 2070 638 2151 pensi
665 2069 739 2132 nihil

64 2157 189 2232 ducunt,
212 2156 262 2217 ubi
285 2156 367 2235 ipsos
390 2156 432 2216 ira
455 2155 632 2237 praecipites
654 2154 723 2232 agit,

62 2241 206 2319 nefasque
229 2240 343 2302 nullum
366 2259 420 2321 per
444 2241 524 2302 nefas
548 2241 607 2302 nati
631 2248 746 2319 putant.

63 2343 127 2386 non
151 2327 242 2405 patris
264 2326 448 2405 iilos-tangit
471 2325 569 2386 afflicti
592 2324 699 2405 pudor,

62 2427 126 2470 non
149 2410 256 2489 patria:
280 2429 374 2489 regno
396 2419 502 2489 pectus
524 2411 681 2471 attonitum
708 2410 788 2472 furit.

63 2495 127 2556 scio
150 2513 209 2574 quo
232 2495 376 2571 ferantur,
399 2503 506 2574 quanta
529 2494 626 2555 moliri
650 2506 764 2575 parent,

63 2581 191 2658 ideoque
213 2578 263 2640 leti
285 2597 395 2658 quaero
419 2587 561 2640 maturam
584 2579 659 2641 viam

62 2665 200 2743 morique
223 2681 362 2744 propero,
386 2665 456 2725 dum
478 2665 510 2724 in
534 2664 620 2724 domo
643 2681 731 2726 nemo
758 2671 888 2728 est-mea

63 2749 221 2810 nocentior
242 2767 298 2810 me.
344 2757 419 2825 nata,
443 2748 513 2829 quid
536 2748 663 2828 genibus
684 2748 757 2810 meis

61 2835 118 2895 fles
141 2831 297 2895 advoluta?
320 2835 390 2914 quid
413 2853 502 2914 prece
524 2834 699 2896 indomitum
726 2834 849 2896 domas?

61 2937 159 2980 unum
180 2918 238 2979 hoc
260 2917 347 2980 habet
369 2920 488 2981 fortuna
511 2937 570 2998 quo
593 2919 705 2999 possim
729 2920 802 3000 capi,

63 3004 191 3064 invictus
213 3003 292 3065 aliis:
316 3003 376 3066 sola
399 3015 431 3066 tu
455 3005 576 3065 affectus
598 3013 685 3084 potes

63 3088 181 3149 mollire
203 3089 304 3164 duros,
327 3089 389 3150 sola
411 3089 550 3168 pietatem
573 3088 603 3150 in
626 3089 714 3149 domo

63 3174 172 3235 docere
194 3181 304 3235 nostra.
351 3173 392 3235 nil
415 3191 502 3252 grave
523 3180 574 3233 aut
595 3174 735 3234 miserum
758 3179 803 3234 cst
825 3172 896 3233 mihi

63 3258 145 3337 quod
168 3268 197 3321 tc
219 3259 310 3320 sciam
331 3257 474 3334 voluisse3
501 3265 532 3319 tu
556 3266 670 3320 tanturn
692 3257 820 3337 impera:

62 3343 115 3405 hic
137 3343 269 3423 Oedipus
293 3345 405 3422 Aegaea
427 3342 591 3405 transnabit
617 3343 689 3405 treta

64 3427 187 3491 iubente
209 3438 247 3504 te,
269 3428 460 3507 flammasque
483 3446 556 3506 quas
579 3427 679 3488 Siculo
702 3426 792 3488 vomit

65 3513 101 3574 de
123 3522 226 3575 monte
247 3513 335 3574 tellus
357 3513 463 3591 igneos
484 3511 603 3572 volvens
625 3511 738 3590 globos,

65 3596 194 3678 excipiet
215 3615 267 3660 ore
289 3616 382 3677 seque
404 3597 535 3677 serpenti
558 3595 671 3672 offeret,

1094 3523 1140 3576 att

152 3818 202 3870 289
219 3815 333 3883 regatd
402 3817 452 3868 299
470 3814 580 3867 ferentes
598 3816 623 3867 19
691 3815 825 3868 2931esos
843 3813 868 3865 Ε
937 3817 986 3869 tut
1004 3814 1066 3868 viris
1084 3830 1140 3868 cae·

62 3884 173 3938 lestisld
225 3886 274 3936 299
288 3883 347 3935 illos
365 3883 568 3935 coddoomoei.
581 3883 722 3950 -agatA
773 3885 824 3937 994
840 3882 970 3937 maturiA
1021 3887 1071 3938 305
1090 3899 1140 3951 que

63 3968 115 4005 om.
134 3952 159 4003 ld
229 3954 278 4005 313
296 3965 375 4018 aegoe
393 3951 417 4001 Ε
485 3953 535 4004 315
554 3950 657 4004 solvens
674 3950 728 4005 uA
746 3954 852 4019 corn&
