2580 4366
152 212 215 276 216
537 235 565 276 n.
588 234 692 278 annam
713 235 839 279 sennenn

147 381 267 443 Troiam
289 380 458 444 addidisse?
491 401 543 444 rex
565 384 754 465 Mycenarum
778 388 843 462 luit,

147 467 245 528 reniet
265 477 425 546 tyrannus:
448 486 588 548 prospera
612 471 727 532 animos
750 472 882 534 efferant.

148 552 239 631 effusa
262 553 339 613 circa
362 552 507 631 paelicum
530 565 641 633 quanto
663 556 743 618 venit

146 637 233 698 turba
256 638 413 718 apparatul
448 638 508 700 sola
531 641 582 701 sed
605 640 690 701 turba
714 642 824 703 eminet

147 730 287 801 tenetque
310 740 410 798 regem
433 723 538 784 famula
561 724 681 787 veridici
704 727 765 787 dei:

145 807 264 868 feresne
286 807 404 868 thalami
428 808 501 870 victa
524 820 692 871 consortem
715 809 781 872 tui?

146 899 175 952 at
196 891 244 953 illa
267 892 358 953 nolet.
403 886 538 954 ultimum
561 903 606 956 est
629 903 739 974 nuptae
761 896 869 957 malum

146 977 241 1056 palam
263 977 358 1038 mariti
380 978 536 1057 possidens
559 980 660 1058 paelex
683 981 812 1042 domum.

146 1080 202 1123 uec
224 1080 315 1141 regna
337 1063 453 1124 socium
475 1065 553 1125 serre
575 1082 632 1125 nec
652 1066 753 1126 taedae
776 1067 884 1128 sciunt.

145 1166 226 1208 cerr.
270 1147 418 1226 Aegisthe
442 1148 512 1228 quid
535 1167 582 1208 me
604 1167 709 1210 rursus
731 1151 762 1210 in
785 1169 927 1232 praeceps
950 1154 1012 1232 agis

146 1233 280 1311 iramque
301 1232 426 1294 dammis
448 1233 504 1293 iam
528 1234 705 1295 residentem
728 1235 856 1298 incitas?

145 1316 281 1397 permisit
301 1317 411 1397 aliquid
434 1317 527 1378 victor
548 1320 579 1378 in
603 1329 715 1398 captam
739 1320 809 1382 sibi:

145 1419 201 1463 nec
223 1401 381 1480 coniugem
403 1403 461 1463 hoc
482 1404 632 1483 respicere
655 1424 711 1465 nec
733 1405 881 1467 dominam
904 1408 996 1468 decet.

145 1488 192 1548 lex
214 1486 268 1548 alia
291 1487 366 1547 solio
390 1496 445 1561 est,
468 1488 522 1548 alia
544 1488 657 1568 privato
679 1489 710 1550 in
733 1499 810 1551 toro.

144 1571 215 1652 qnid
238 1571 317 1651 quod
339 1590 455 1633 severas
478 1572 554 1634 serre
578 1591 626 1634 me
652 1574 732 1652 leges
754 1576 816 1636 viro

144 1676 206 1718 non
229 1657 340 1736 patitur
361 1657 477 1718 animus
498 1658 595 1737 turpis
617 1659 736 1720 admissi
758 1657 894 1721 memor‘l

142 1743 192 1804 det
214 1740 263 1803 ille
285 1741 400 1804 reniam
422 1741 508 1802 facile
531 1743 579 1804 cui
601 1745 685 1805 venia
707 1754 752 1805 est
773 1763 861 1823 opus.

142 1844 208 1888 nuc.
275 1827 317 1888 lta
340 1825 407 1888 est?
433 1827 542 1906 pacisci
566 1837 697 1889 mutuam
720 1830 835 1890 reniam
857 1828 949 1893 licet‘l

143 1912 244 1991 ignota
266 1911 318 1973 tibi
341 1921 412 1973 sunt
434 1913 498 1974 iura
520 1930 682 1991 regnorum
704 1925 754 1976 aut
778 1912 876 1975 nova?

144 1997 230 2058 nobis
252 1996 374 2075 maligni
396 1996 519 2072 iudices,
542 1998 629 2077 aequi
654 1998 710 2059 sibi
814 2016 820 2035 l

142 2082 172 2143 id
195 2100 260 2161 esse
283 2082 366 2160 regni
389 2082 548 2143 maximum
570 2083 680 2162 pignus
703 2091 819 2160 putant,

143 2167 168 2229 si
191 2166 336 2246 quidquid
357 2166 422 2226 aliis
446 2186 506 2227 non
529 2166 597 2228 licet
620 2167 691 2228 solis
714 2167 791 2229 licet.

142 2271 222 2313 cerr.
266 2251 382 2330 lgnorit
404 2250 548 2312 Helenae:
571 2253 672 2314 iuncta
693 2252 826 2313 Menelao
848 2251 927 2330 redit

142 2355 218 2416 quae
240 2335 389 2415 Europam
413 2345 442 2396 et
463 2336 560 2397 Asiam
584 2336 704 2415 paribus
727 2336 829 2397 afflixit
850 2336 944 2398 malis.

141 2441 207 2482 inc.
266 2421 323 2482 Sed
346 2420 427 2481 nulla
450 2420 571 2481 Atriden
595 2420 709 2482 Venere
732 2422 839 2483 furtiva
861 2421 982 2483 abstulit

142 2524 197 2568 nec
219 2505 299 2585 cepit
319 2505 451 2567 animum
474 2505 594 2584 coniugi
617 2506 790 2568 obstrictum
813 2525 893 2568 suae.

141 2591 197 2653 iam
221 2590 332 2651 crimen
356 2589 406 2652 ille
429 2590 543 2669 quaerit
565 2598 593 2651 et
615 2608 719 2653 causas
740 2600 833 2670 parat.

141 2676 184 2738 nil
206 2694 271 2738 esse
294 2675 381 2736 crede
402 2684 492 2755 turpe
515 2676 703 2736 commissum
728 2675 795 2738 tibi:

141 2761 212 2842 quid
234 2761 357 2821 honesta
379 2760 502 2839 prodest
522 2760 589 2832 vita,
612 2760 722 2840 flagitio
746 2756 873 2822 uacans?

85 2866 88 2870 ·
140 2846 191 2908 ubi
214 2845 353 2906 dominus
375 2844 435 2907 odit
458 2845 490 2905 fit
513 2862 634 2919 nocens,
659 2863 719 2907 non
743 2844 906 2925 quaeritur.

140 2933 313 3011 Spartamne
337 2938 455 3009 repetes
477 2938 576 3010 spreta
597 2941 626 2991 et
647 2931 779 2992 Eurotan
801 2939 886 2991 tunm

139 3017 307 3097 patriasque
329 3015 415 3076 sedes
436 3012 586 3094 profuga?
615 3032 676 3076 non
699 3016 770 3077 dant
792 3014 901 3076 exitum

139 3100 270 3180 repudia*
285 3117 399 3178 regum.
444 3118 496 3179 spe
519 3108 615 3160 metus
637 3099 708 3161 salsa
732 3101 817 3162 levas.

138 3205 219 3247 cerr.
264 3185 374 3248 Delicta
398 3184 479 3245 novit
500 3201 588 3246 nemo
611 3184 668 3245 nisi
690 3185 767 3246 lidus
789 3202 863 3245 mea.

138 3290 205 3332 unc.
262 3269 329 3330 Non
352 3268 442 3330 intrat
464 3287 602 3349 umquam
627 3270 740 3350 regium
763 3269 852 3330 limen
875 3269 957 3328 fides.

138 3375 218 3417 enrr.
264 3354 379 3435 Opibus
401 3353 548 3430 merebor,
571 3362 604 3415 ut
625 3355 712 3416 fidem
734 3355 831 3434 pretio
854 3354 992 3432 obligem.

136 3492 342 3502 -..—.—-——

1172 3283 1221 3335 285

223 3558 272 3609 262
291 3553 398 3607 efferunt
420 3553 496 3606 codd.
522 3557 643 3604 correcta
663 3553 842 3604 Buechelerur
911 3556 961 3607 254
979 3552 1024 3605 scd
1048 3554 1126 3620 louge
1153 3559 1218 3609 emi-

137 3624 217 3675 netA
269 3626 317 3676 257
337 3621 453 3674 nolletld
504 3623 553 3674 258
573 3621 656 3674 mariti
668 3639 702 3672 ecc
715 3623 804 3673 marita
824 3622 926 3674 1m.ll
978 3623 1027 3674 260
1046 3628 1218 3678 conmentario

135 3693 246 3757 pictum,
269 3691 317 3741 red
338 3691 470 3742 detersum
494 3705 553 3741 eum
574 3691 700 3754 schedis,-
723 3691 819 3740 deinde
835 3690 904 3743 2-3
916 3705 949 3742 m.
969 3695 1120 3741 otromenlo
1140 3708 1220 3760 repe-

137 3761 216 3810 titum
234 3772 280 3809 cnr.
298 3758 331 3812 Ε.
349 3787 383 3797 -
401 3772 523 3826 praeceps
540 3758 648 3825 rapisA
708 3760 758 3811 262
775 3757 905 3824 aliquisli
962 3760 1011 3811 263
1031 3765 1218 3827 uon-uoug

135 3827 187 3879 264
205 3826 276 3877 socio
293 3830 320 3891 ς.
338 3855 372 3864 -
390 3826 488 3894 privata
506 3825 540 3878 Ε.
558 3853 592 3864 -—
610 3826 634 3875 iu
654 3841 704 3878 om.
724 3830 744 3888 ς
801 3828 850 3878 268
870 3825 976 3893 pacissci
996 3825 1019 3875 Ε
1077 3829 1128 3880 269
1146 3828 1217 3881 haud

136 3894 238 3946 noraA
290 3895 339 3946 2¹18
358 3893 477 3946 richilla=
545 3895 595 3945 279
613 3893 674 3959 flag.
699 3907 788 3945 carens
806 3893 831 3943 A
898 3895 944 3946 281
965 3897 1109 3961 spartemne
1128 3897 1162 3947 A.
1180 3925 1218 3936 -

135 3967 163 4015 et
180 3965 342 4015 eurotautum
359 3960 385 4012 Ε
402 3958 522 4013 eor-rinei
534 3961 682 4012 Gronovius
700 3969 726 4013 et
743 3975 758 4012 a
776 3964 848 4012 tanto
865 3960 920 4012 viro
939 3961 964 4011 A
1005 3964 1054 4016 283
1072 3967 1172 4016 metum
1190 3965 1217 4017 A
