2580 4366
547 219 645 263 usust

56 387 96 430 ne
119 368 206 448 culpa
228 376 313 430 natos
335 368 436 430 matris
457 369 591 431 insontes
616 369 720 431 trahat.
792 441 796 447 ⁴

55 471 100 514 oa.
167 453 260 514 Vade:
283 455 339 514 hos
360 462 484 531 paterno
507 461 541 515 ut
562 455 679 533 genitor
701 454 843 535 excipiam
866 456 945 520 sinu.

54 557 125 599 unu.
169 538 227 599 Per
249 557 303 617 ego
325 538 493 618 auspicatos
515 539 589 618 regii
612 539 731 601 thalami
752 549 844 617 toros,
1083 553 1128 607 285

55 641 112 703 per
133 641 201 704 spes
222 624 337 686 futuras
360 642 473 704 perque
494 641 657 701 regnorum
678 633 781 702 status,

55 708 187 770 Fortuna
208 709 286 769 varia
309 707 397 769 dubia
419 726 495 788 quos
517 710 605 787 agitat
626 710 698 782 rice,

55 811 173 873 precor,
199 794 317 855 brevem
340 793 447 873 largire
469 793 595 873 fugienti
616 812 739 871 moram,
818 831 822 840 ·

56 878 128 939 dum
151 887 278 940 extrema
300 879 377 940 natis
398 887 492 941 mater
514 878 605 957 infigo
628 879 738 954 oscula,
1125 920 1128 925 -

54 964 181 1026 fortasse
203 963 344 1025 moriens.
409 982 455 1024 cn.
498 963 663 1026 Fraudibus
683 974 803 1045 tempus
828 966 913 1046 petis.
1084 975 1130 1030 299

54 1067 125 1110 nnn.
169 1050 250 1120 Quae
272 1049 353 1110 fraus
374 1048 472 1110 timeri
493 1059 628 1129 tempore
650 1051 757 1129 exiguo
780 1048 898 1130 potest?

56 1152 101 1195 cn.
170 1134 289 1195 Nullum
312 1134 347 1195 ad
370 1135 539 1196 nocendum
561 1143 679 1215 tempus
700 1143 858 1214 augustum
885 1144 930 1198 est
951 1137 1043 1199 malis.

26 1216 29 1221 ’
55 1238 125 1280 uno.
169 1218 317 1280 Parumne
338 1219 462 1280 miserae
484 1220 626 1300 temporis
649 1220 777 1281 lacrimis
799 1219 912 1301 negas?

56 1323 103 1365 cu.
169 1304 233 1366 Etsi
255 1313 403 1384 repugnat
423 1303 562 1384 precibus
585 1305 692 1366 infixus
717 1305 816 1382 timor,

55 1407 137 1450 unus
159 1389 289 1469 parando
313 1388 429 1450 dabitur
450 1389 536 1451 exilio
563 1389 634 1452 dies.

55 1494 126 1537 uso.
169 1474 263 1535 Nimis
286 1480 339 1549 est,
362 1474 474 1536 recidas
496 1474 607 1553 aliquid
630 1494 666 1536 ex
687 1476 745 1537 isto
767 1476 852 1537 licetz

57 1569 86 1623 et
108 1561 172 1639 ipsa
194 1577 334 1638 propero.
401 1577 446 1621 ea.
492 1559 591 1638 Capite
612 1559 793 1640 supplicium
816 1560 889 1635 lues,

57 1645 170 1706 clarum
191 1645 366 1724 priusquam
387 1643 526 1705 Phoebus
548 1644 660 1706 attollat
686 1644 763 1706 diem

56 1729 116 1791 nisi
139 1730 217 1791 cedis
239 1729 360 1790 lsthmo.
405 1747 486 1789 sacra
509 1747 556 1789 ure
579 1728 697 1790 thalami
718 1736 833 1804 vocant,

55 1823 141 1877 vocat
162 1815 276 1894 precari
299 1814 392 1874 festus
414 1812 584 1893 Hymenaeo
606 1813 678 1875 dies.

370 1929 518 1993 CHORVS

293 2033 395 2094 Audax
416 2033 542 2095 nimium
563 2033 615 2112 qui
636 2033 709 2095 lreta
730 2032 845 2113 primus

213 2128 275 2180 rate
298 2127 354 2180 tam
378 2118 473 2197 fragili
496 2119 607 2199 perfida
628 2119 711 2197 rupit

168 2271 170 2274 ,
213 2212 366 2283 terrasque
388 2222 456 2265 suas
478 2211 547 2284 post
568 2211 650 2282 terga
674 2203 777 2265 videns

213 2290 338 2351 animam
360 2287 473 2350 levibus
496 2288 620 2350 eredidit
640 2289 731 2367 auris,

215 2374 292 2434 inter
313 2374 388 2434 vitae
410 2374 574 2453 mortisque
596 2373 656 2435 vias

211 2458 335 2520 nimium
358 2459 458 2538 gracili
481 2458 574 2525 limite
597 2458 696 2520 ducto.

291 2543 418 2605 candida
441 2543 535 2605 nostri
557 2543 672 2605 saecula
694 2553 792 2623 patres

214 2628 321 2701 ridere,
344 2628 449 2707 procul
471 2629 574 2689 fraude
596 2633 717 2689 remota.

215 2732 268 2774 sua
291 2712 416 2792 quisque
438 2713 524 2792 piger
545 2712 630 2775 litora
651 2720 776 2792 tangens

216 2797 372 2877 patrioque
395 2816 485 2859 senex
507 2797 602 2860 factus
624 2798 655 2859 in
678 2816 757 2874 arvo,

215 2900 304 2961 parvo
327 2883 416 2956 dives,
440 2881 497 2943 nisi
519 2900 592 2961 quas
614 2881 722 2944 tulerat

216 2967 310 3028 natale
332 2966 438 3042 solum,
462 2986 523 3028 non
546 2975 631 3051 norat
653 2984 758 3051 opes:⁴

215 3053 349 3113 nondum
372 3052 528 3132 quisquam
550 3052 645 3114 sidera
668 3058 762 3126 norat,

215 3136 366 3216 stellisque
389 3137 497 3216 quibus
519 3136 654 3218 pingitur
679 3136 781 3197 aether

108 3299 112 3307 Ι
216 3240 278 3283 non
301 3231 362 3283 erat
385 3241 465 3296 usus,
488 3223 622 3284 nondum
644 3219 756 3302 pluvias

60 3355 191 3420 dubioque
209 3369 298 3407 secans
316 3370 426 3422 aequora
444 3368 520 3407 eursu

60 3422 146 3492 potuit
165 3422 235 3474 tenui
252 3421 332 3474 fidere
348 3423 419 3490 ligno

148 3541 196 3592 289
217 3555 267 3606 quo
286 3539 391 3608 sagittat
408 3540 433 3590 u·
518 3541 569 3592 294
587 3538 674 3590 infelix
693 3537 767 3589 timor
785 3537 810 3588 A
892 3536 942 3588 299
960 3531 1035 3586 nimis
1051 3535 1092 3586 est
1108 3536 1134 3585 et
1193 3564 1194 3568 =

61 3624 93 3662 ex
111 3608 162 3661 hoe
179 3607 274 3674 aliquid
292 3607 410 3660 abscidas
427 3607 488 3660 lieet
506 3609 531 3659 A
549 3611 585 3670 (et
604 3623 653 3659 om.
671 3608 701 3672 ς)
770 3607 819 3658 297
840 3609 909 3656 tetur
928 3601 1037 3655 Creonti
1054 3602 1135 3653 detor

60 3679 253 3743 A.-proporu
273 3677 298 3727 A
367 3678 416 3729 298
435 3676 517 3729 elarus
532 3676 557 3727 A
625 3677 675 3728 399
694 3689 744 3726 om.
761 3672 787 3725 Ε
855 3675 903 3726 391
915 3668 1134 3733 adfertDiomed.

60 3762 88 3813 p.
107 3746 172 3809 511,
194 3745 229 3797 23
246 3744 275 3795 K.
300 3744 511 3812 (‘aoapuestieum
534 3742 663 3797 ehericum
683 3742 808 3795 habemus
833 3739 860 3792 iu
878 3737 989 3793 Senecae
1011 3737 1095 3790 audax
1112 3767 1136 3777 -

61 3813 176 3882 primus’)
196 3812 231 3873 ef.
247 3828 274 3880 p.
291 3813 350 3874 517,
368 3813 403 3866 30
472 3815 521 3866 393
540 3814 660 3880 posterga
677 3810 703 3862 Ε
778 3812 837 3864 395.
854 3811 904 3863 396
922 3807 1135 3874 dittographe'am

62 3881 100 3933 od
116 3881 175 3934 391.
192 3879 244 3932 392
267 3880 352 3931 delent
452 3886 513 3948 poet
535 3896 559 3934 o.
578 3882 628 3934 399
651 3878 793 3932 Richterua
809 3880 931 3946 reposuit
946 3891 971 3930 o.
987 3874 1134 3929 329-334

63 3953 111 4004 311
131 3948 243 4001 noudum
260 3947 359 4015 pliades
376 3951 401 4001 A
