2602 4380
148 186 214 247 -Xll

146 355 320 417 ¹Mediolani
343 355 500 418 adiuuante
522 355 613 416 Paulo
636 354 770 434 llrueger
797 354 1008 416 iurisconsulto
1037 353 1231 417 celeberrimo

121 496 124 501 4
167 449 195 500 et
217 441 310 500 amico
334 440 494 502 carissimo.
536 441 681 515 Permisit,
706 449 738 502 ut
760 441 850 501 codex
872 441 1020 519 pretiosus
1042 441 1140 501 denuo
1164 457 1232 502 exa-

148 525 341 600 minaretur,
371 525 518 587 Antonius
547 524 662 587 (lariani
691 524 883 586 bibliothecae
905 525 1115 587 Ambrosianae
1145 543 1232 604 prac-

164 611 258 670 fectus
281 610 460 672 clarissimus
483 619 512 672 et
533 611 697 672 studiorum
720 627 853 672 meorum
876 611 974 671 fautor
989 609 1233 688 benignissimus.
1256 617 1262 627 ’

147 693 235 755 1Post
256 696 359 772 Angeli
382 696 438 757 llai
461 704 612 776 tempora,
641 696 692 775 qui
714 697 902 757 Annaeanam
932 696 1110 775 scripturam
1140 694 1233 774 gallae

164 779 262 839 inluso
285 781 482 856 resuscitauit,
506 782 581 842 alius
603 782 704 842 nescio
727 781 794 858 quis
816 779 977 842 nonnullos
1000 781 1083 841 locos
1104 779 1171 841 alio‘
1185 799 1233 840 re—

164 863 259 925 medio
288 865 419 926 chemico
450 867 569 927 uidetur
597 874 770 946 temptasse,
800 884 855 926 noc
884 872 980 926 tamen
1010 865 1142 945 comperi
1166 874 1234 944 post

165 947 359 1011 Ritscbelium
373 969 548 1031 quemquam
565 952 663 1012 denuo
678 952 840 1028 fragmenta
852 951 1043 1012 Ambrosiana
1058 950 1234 1012 excussisse.

249 1035 282 1096 ln
306 1036 475 1116 apographo
499 1037 577 1114 quod
601 1036 736 1115 sequitur
750 1035 888 1096 loliorum
906 1036 1030 1115 paginas
1045 1035 1235 1113 lenigatiores

165 1119 311 1198 appellaui
346 1121 553 1196 „inte'riores“,
585 1121 684 1182 minus
716 1120 798 1182 leues
831 1121 977 1200 appellaui
1020 1121 1234 1196 „exteriores“.

166 1204 274 1265 Earum
296 1205 477 1277 litterarum,
500 1204 608 1285 quibus
630 1205 745 1267 nullum
768 1206 885 1283 signum
908 1206 1022 1281 addidi,
1044 1205 1132 1266 lectio
1156 1213 1235 1266 certa

166 1299 223 1363 est,
247 1289 351 1351 litteris
374 1290 495 1352 incertis
518 1297 626 1369 puncta
649 1291 828 1371 subscripsi,
851 1290 956 1351 litteris
979 1290 1185 1352 incertissimis
1208 1298 1237 1350 et

166 1373 328 1454 subscripsi
362 1385 507 1453 punctum
538 1383 567 1436 et
596 1376 792 1455 superscripsi
827 1375 945 1454 signum
979 1375 1234 1453 interrogationis:

566 1457 575 1483 't

167 1510 265 1589 itaque
280 1505 356 1572 Met.
373 1512 434 1574 205
458 1509 584 1587 MANUS
607 1511 751 1588 significat
772 1511 935 1571 litterarum
956 1512 978 1571 Α
996 1519 1024 1572 91
1038 1510 1063 1572 U
1079 1510 1235 1572 lectionem

166 1595 318 1670 incertam,
340 1596 454 1657 litterae
476 1596 496 1657 S
520 1596 746 1658 incertissimam
769 1614 843 1657 esse.
875 1595 927 1656 Vbi
946 1604 1070 1675 propter
1085 1595 1235 1675 pallorem,

151 1676 236 1761 ¹quid
260 1681 330 1741 olim
353 1681 495 1756 extiterit,
519 1680 575 1743 dici
601 1682 712 1761 nequit,
736 1681 781 1742 bis
804 1681 923 1760 punctis
946 1700 1019 1741 usus
1041 1701 1107 1743 sum
1116 1715 1235 1730 ··············

166 1766 244 1826 conl.
268 1785 293 1826 e.
317 1784 344 1845 g.
367 1765 443 1827 Med.
462 1769 522 1831 740
539 1784 621 1847 seqq.
653 1766 705 1827 Vbi
728 1775 757 1828 et
779 1775 902 1846 propter
924 1784 1036 1827 sacram
1059 1766 1235 1844 scripturam

167 1849 322 1912 obductam
345 1844 374 1911 et
396 1859 518 1930 propter
539 1853 684 1914 fenestras
706 1851 780 1915 nibil
795 1851 852 1929 legi
870 1851 974 1931 potuit,
999 1852 1044 1912 bis
1064 1851 1182 1912 lineolis
1197 1848 1237 1930 llll

167 1952 239 1996 usus
271 1955 352 1998 sum:
387 1936 465 1996 conl.
494 1937 569 1998 bled.
600 1939 671 1999 211.
716 1936 870 1997 Foramina
905 1936 1042 2015 longiora¹
1070 1936 1117 1997 bis
1150 1935 1236 1997 lineis

167 2019 329 2098 significaui
353 2054 452 2064 -—
476 2021 554 2083 conl.
584 2042 610 2083 e.
634 2040 660 2100 g.
690 2021 765 2082 bled.
789 2022 861 2082 219.
891 2024 963 2083 251.
995 2024 1067 2085 252.
1112 2020 1238 2100 Propter

167 2105 381 2185 typographum
406 2106 515 2183 singuli
538 2125 659 2180 uersus,
688 2106 739 2186 qui
762 2107 792 2166 in
817 2103 842 2165 Il
865 2106 986 2185 paribus
1007 2104 1176 2168 interuallis,
1193 2104 1237 2166 di·

167 2191 273 2268 rempti
296 2199 382 2264 sunt,
412 2191 443 2251 in
468 2192 638 2270 apographo
661 2209 727 2251 meo
750 2191 836 2251 modo
859 2191 985 2270 propius
1007 2192 1094 2251 modo
1118 2189 1237 2269 longius

168 2275 244 2334 inter
266 2293 297 2335 se
320 2274 436 2337 distant.

230 2597 491 2673 APOGRAPHVM
512 2597 822 2674 raluuultoavu
844 2512 1177 2674 ambrosianorum

169 2766 237 2830 ‘¹³³⁸-
256 2765 317 2825 ’13)
920 2830 923 2840 9
984 2764 1235 2863 narratarum

181 2895 190 2934 1
210 2879 908 2962 impulnuuouauummrnarmuouausur
1087 2886 1135 2937 199

180 2951 541 3062 9199999999919119’
625 2953 630 2963 ’
690 2953 714 2963 ”
779 2954 783 2963 ’
847 2952 899 2966 ”
1072 2971 1077 2977 ’

181 3098 193 3138 9
211 3082 623 3165 nnnnoomapunrrrrnaar
1089 3088 1134 3139 1or

182 3199 193 3237 9
211 3183 816 3240 uoxconsrrrurosnmorcanrounmr
1089 3190 1139 3240 199

182 3300 194 3339 a
213 3256 932 3372 oursrnrurrauromueaarumuurrlaurum
1088 3291 1137 3341 199

184 3400 196 3440 6
215 3388 871 3442 aucumucursraruumrnaurnucUsrutr
1087 3393 1137 3443 200

184 3485 194 3522 r
213 3473 827 3549 auorrusnrurunmssurptlclumruuir
1087 3477 1136 3528 201

184 3585 196 3624 9
216 3547 856 3659 snornuncausaburrunnuanoumocus
1088 3579 1138 3630 191

184 3685 196 3723 9
215 3670 904 3760 nrrrrcusouausuamuuuaarmsuncrpun
1088 3681 1138 3733 199

172 3787 197 3826 19
217 3775 602 3841 11999991919991991919
613 3796 619 3810 ·
630 3777 927 3862 uncnnproqcnrpr
1088 3783 1138 3833 191
1153 3816 1158 3829 ,

171 3881 373 3890 -a—-—--

239 3927 335 3995 Pagina
353 3933 403 3983 473
421 3930 525 3983 interior
543 3931 616 3983 lacile
635 3931 735 3997 legitur.
800 3935 809 3982 l
832 3931 914 3982 littera
937 3935 978 3984 16·
996 3936 1039 3983 aut
1057 3932 1077 3984 G
1096 3938 1141 3986 aut
1160 3934 1177 3986 G
1197 3933 1242 3985 luit
