2580 4366
577 246 719 290 THYESTRS

195 394 243 455 ille
266 395 403 468 certabat,
427 395 607 476 pavidusque
630 398 731 478 pinnis

194 479 298 542 anxiae
320 480 417 541 noctis
438 480 507 559 vigil
529 481 701 544 incubabat:
719 517 720 521 =

196 563 280 644 peior
302 574 346 626 est
368 564 446 626 bello
470 566 559 628 timor
579 567 644 648 ipse
665 569 745 628 belli.

195 651 253 710 iarn
275 650 373 712 minae
394 651 471 711 saevi
496 651 630 714 cecidere
651 654 732 724 ferri,

194 734 252 795 iam
275 734 341 796 silet
362 752 496 797 murmur
517 754 605 813 greve
626 737 826 812 classicorum,

195 817 253 880 iam
274 828 352 880 tacet
372 821 480 882 stridor
501 821 765 909 lituisstrepentis:

195 904 252 964 alta
275 923 331 984 pax
353 904 419 966 urbi
441 914 576 968 revocata
597 906 689 969 laetae
712 917 765 969 est

194 989 248 1063 sic,
270 989 321 1050 ubi
343 989 458 1052 exalto
482 1001 616 1053 tumuere
637 993 746 1054 tinctus

194 1073 340 1136 Bruttium
364 1074 440 1136 Coro
463 1076 587 1138 feriente
608 1085 744 1157 pontum,

195 1159 291 1238 Scylla
312 1159 436 1240 pulsatis
456 1171 576 1223 resonat
596 1163 728 1224 cavernis

194 1263 228 1305 ac
250 1263 330 1305 mare
351 1244 382 1305 in
405 1256 498 1324 portu
516 1246 642 1308 timuero
663 1257 769 1310 nautae

194 1331 273 1409 quod
296 1348 385 1409 rapax
406 1332 544 1393 haustum
564 1332 688 1394 revomit
709 1331 881 1412 Charybdis,

196 1424 225 1475 et
246 1415 326 1474 ierus
347 1414 473 1495 Cyclops
494 1417 598 1477 metuit
620 1428 773 1496 parentem

195 1518 269 1580 rupe
292 1500 431 1560 ferventis
455 1501 586 1561 residens
607 1502 638 1561 in
661 1503 782 1576 Aetnae,

195 1594 233 1645 ne
254 1585 418 1664 superfusis
439 1583 564 1646 violetur
586 1586 673 1647 undis

194 1670 272 1748 ignis
293 1671 421 1730 aeternis
442 1687 586 1731 resonans
607 1671 740 1744 caminis,

195 1764 224 1815 et
245 1763 331 1833 putat
351 1755 444 1833 mergi
466 1772 518 1815 sua
540 1772 629 1834 posse
649 1773 763 1834 pauper

194 1857 285 1918 regna
306 1839 425 1901 Laertes
447 1838 544 1901 Ithaca
566 1846 725 1901 tremente:

194 1924 219 1984 si
241 1943 311 1986 suae
333 1923 427 1985 ventis
448 1923 581 1984 cecidere
602 1923 688 1998 vires

194 2009 294 2070 mitius
315 2020 419 2087 stagno
442 2009 564 2088 pelagus
585 2006 747 2083 recumbit;

194 2093 260 2167 alta,
284 2112 359 2173 quae
382 2094 463 2157 navis
486 2093 582 2157 timuit
603 2112 712 2166 secare,

194 2179 264 2240 hinc
287 2188 316 2240 et
336 2178 407 2241 hinc
429 2177 502 2240 lusis
523 2177 657 2260 speciosa
679 2178 751 2240 velis

193 2273 281 2325 strata
303 2263 417 2324 ludenti
440 2273 561 2343 patuere
583 2263 715 2338 cumbae,

194 2360 224 2409 et
246 2359 325 2410 vacat
346 2367 461 2410 mersos
482 2368 639 2411 numerare
661 2348 757 2431 pisces

193 2435 242 2494 hic
264 2434 315 2494 ubi
337 2433 449 2511 ingenti
471 2436 559 2495 modo
580 2433 636 2495 sub
659 2432 788 2515 procella

194 2517 332 2597 Cyclades
353 2529 479 2599 pontum
502 2520 628 2581 timuere
648 2529 755 2580 motae.

261 2602 345 2664 Nulla
368 2622 434 2667 sors
455 2605 543 2682 longa
566 2614 624 2665 est:
647 2603 732 2667 dolor
754 2622 788 2665 ac
810 2603 943 2686 voluptas

195 2688 320 2750 invicem
343 2690 467 2763 cedunt;
490 2688 608 2750 brevior
628 2687 772 2771 voluptas.

194 2772 251 2833 ima
272 2782 420 2852 permutat
441 2772 512 2833 levis
533 2774 605 2835 hora
627 2773 760 2835 summis.

194 2856 243 2918 ille
265 2858 315 2937 qui
338 2859 429 2918 donat
450 2856 580 2918 diadema
603 2857 704 2930 tronti,

193 2960 280 3021 quem
304 2961 383 3021 genu
406 2943 489 3004 nixae
512 2953 659 3002 tremuere
701 2952 793 3016 entes,

193 3028 278 3088 cuius
299 3029 335 3088 ad
357 3038 464 3089 nutum
485 3045 612 3107 posuere
634 2960 710 3089 belis

193 3112 295 3173 Medus
317 3124 346 3172 et
368 3112 479 3179 Phoebi
501 3111 652 3201 propioris
673 3110 764 3173 lndus

192 3205 222 3257 et
243 3196 340 3259 Dahae
362 3196 478 3263 Parthis
499 3197 629 3276 equitem
650 3197 764 3270 minati,
840 3205 843 3210 '
911 3189 915 3207 ’

192 3283 296 3343 anxius
318 3280 469 3362 sceptrum
489 3291 570 3343 tenet
591 3290 621 3343 et
642 3290 795 3343 moventes

193 3378 299 3429 cuncta
320 3366 427 3433 divinat
450 3365 613 3446 metuitque
635 3384 721 3428 casus

191 3452 316 3513 mobiles
337 3470 436 3512 rernm
458 3450 639 3531 dubiumque
661 3460 789 3529 tempus.

191 3555 242 3597 vos
265 3536 374 3616 quibus
395 3547 492 3596 rector
514 3535 603 3596 maris
623 3546 710 3615 atque
737 3543 831 3594 terrae

192 3707 240 3756 571
260 3704 328 3756 necti
346 3704 371 3753 A
445 3705 495 3754 576
513 3702 582 3754 urbis
600 3703 633 3754 A.
650 3728 685 3741 -·
702 3707 742 3752 est
759 3714 810 3750 om.
828 3699 853 3749 Ε
912 3699 961 3750 578
979 3697 1056 3749 choro
1074 3696 1099 3747 E
1116 3697 1176 3750 Bru-

105 3772 169 3827 tium
192 3776 272 3838 ponto
296 3771 402 3824 lerientc
424 3785 510 3823 corum
535 3772 560 3821 A
637 3770 687 3821 579
705 3767 822 3835 pulsatus
838 3767 864 3817 ll
932 3767 982 3818 580
1005 3765 1135 3834 intutum
1152 3768 1177 3817 A

104 3843 153 3894 sut
175 3845 260 3892 auster
277 3841 302 3891 A
319 3839 439 3903 hausitg
514 3843 562 3892 591
581 3838 693 3903 spatiosa
711 3837 736 3887 A
804 3837 853 3887 tut
873 3849 923 3885 om.
941 3834 974 3898 Ε,
991 3833 1038 3884 scd
1054 3833 1133 3885 addet
1148 3839 1177 3885 in

104 3907 600 3973 marg.1m.(otrcmentonigro'ore)
659 3906 707 3957 598
725 3902 846 3968 onnes
892 3904 941 3955 603
959 3901 1075 3966 dacae&
1126 3907 1178 3954 fidu

103 3979 197 4028 cuncta
215 3974 317 4027 divitias
334 3977 359 4026 A

157 4069 255 4110 sensae
267 4067 390 4118 trsroerlise
402 4066 430 4107 ll.
788 4069 791 4079 ’
958 4056 990 4106 l'l
