2580 4366
570 230 701 275 reanum
1115 221 1173 283 155

97 400 172 442 mar.
216 379 323 440 Procul
347 378 515 458 impudicos
538 399 664 461 corpore
687 402 703 444 a
726 393 806 446 casto
829 404 929 448 amove

97 475 194 528 tactus
216 498 258 509 -
281 465 353 543 quid
375 465 433 525 hoc
455 462 523 525 est?
546 466 633 528 etiam
656 467 688 530 in
710 470 863 549 amplexus
885 469 967 533 ruit‘l
1130 483 1174 534 700

98 551 261 629 stringatur
284 549 373 625 ensis,
395 550 498 611 merita
521 552 667 631 supplicia
690 555 795 634 exigat.

98 655 136 697 en
159 635 342 715 impudicum
365 634 447 697 crine
469 644 606 698 contorto
629 647 719 717 caput

97 720 177 782 laeva
198 720 316 782 reflexi:
340 721 446 781 iustior
468 739 629 800 numquam
652 725 727 785 locis

98 806 183 867 datus
205 807 265 866 tuis
288 815 333 867 est
354 805 485 884 sanguis,
508 808 701 886 arquitenens
723 810 789 871 dea.

96 911 142 951 ru.
214 889 384 970 Hippolyte,
407 910 489 952 nunc
511 910 558 953 me
581 904 748 973 compotem
770 898 830 958 voti
852 897 940 970 lacis;
1128 908 1175 960 710

97 994 183 1037 sanas
205 976 363 1037 furentem.
407 976 502 1037 maius
524 978 582 1038 hoc
603 990 671 1039 voto
693 998 759 1040 meo
784 991 837 1056 est,

97 1061 176 1121 salvo
198 1070 232 1121 ut
254 1062 368 1141 pudore
390 1062 527 1124 manibus
550 1062 701 1125 immoriar
722 1065 792 1126 tuis.

97 1165 172 1206 une.
217 1144 361 1222 Abscede,
383 1147 446 1207 vive
468 1166 507 1208 ne
530 1148 600 1227 quid
624 1167 737 1226 exores,
762 1160 789 1212 et
812 1151 862 1212 hic

97 1239 252 1293 contactus
275 1231 355 1292 ensis
378 1231 492 1294 deserat
515 1242 628 1295 castum
650 1234 737 1297 latus.

97 1317 163 1394 quis
186 1317 265 1377 eluet
287 1335 334 1377 me
355 1316 463 1379 'lanais
485 1325 535 1378 aut
558 1338 634 1398 quae
657 1319 788 1382 barbaris

96 1402 219 1463 Maeotis
242 1401 330 1462 undis
351 1401 476 1463 Pontico
500 1403 677 1467 incumbens
697 1406 792 1468 maril

99 1506 159 1546 non
182 1486 246 1566 ipse
267 1497 329 1547 toto
352 1505 477 1565 magnus
500 1487 619 1550 Oceano
642 1499 726 1569 pater

96 1581 210 1632 tantum
233 1571 358 1651 expiarit
379 1572 510 1634 sceleris.
555 1575 694 1649 esdrae,
718 1594 735 1634 o
759 1575 853 1637 lerael

96 1676 180 1717 uvrn.
214 1657 367 1736 Deprensa
390 1657 476 1737 culpa
500 1667 554 1718 est.
598 1660 706 1735 anime,
730 1662 799 1739 quid
824 1659 924 1738 segnis
945 1657 1069 1740 stupes?

96 1760 267 1820 regeramus
289 1743 346 1821 ipsi
370 1742 483 1803 crimen
505 1753 595 1821 atque
616 1745 696 1804 ultro
719 1745 837 1825 impiam
1128 1755 1174 1806 720

96 1825 241 1888 Venerem
264 1845 436 1905 arguamus:
460 1827 572 1889 scelere
594 1828 749 1890 velandum
773 1841 818 1891 est
839 1829 937 1890 scelus
945 1847 954 1904 ;

96 1912 276 1974 tutissimum
300 1921 344 1973 est
367 1912 487 1987 inferre,
511 1931 579 1974 cum
600 1914 714 1988 timeas,
738 1915 870 1992 gradum.

96 2014 185 2059 ausae
207 1999 323 2077 priores
346 1998 438 2058 simus
461 2016 497 2059 an
521 2017 625 2077 passae
648 1999 740 2074 nefas,

97 2090 209 2145 secreta
232 2101 299 2143 cum
322 2082 361 2142 sit
382 2082 478 2162 culpa,
502 2084 569 2162 quis
592 2084 674 2145 testis
697 2082 794 2145 soietl

178 2168 294 2243 Adeste,
318 2168 466 2229 Athenael
489 2169 545 2230 fida
567 2169 744 2231 famulorum
769 2188 884 2246 manus,
1125 2179 1170 2230 727

91 2252 137 2312 lor
160 2253 264 2331 opeml
289 2253 408 2314 nefandi
432 2262 535 2333 raptor
555 2253 735 2334 Hippolytus
757 2256 853 2334 stupri

92 2338 182 2399 instat
204 2338 381 2416 premitque,
404 2339 507 2400 mortis
529 2339 656 2401 intentat
678 2350 799 2415 metum,

92 2423 172 2482 terro
195 2423 333 2502 pudicam
355 2433 447 2486 terret
468 2458 510 2468 —
533 2443 570 2485 en
593 2443 737 2505 praeceps
759 2424 819 2486 abit

93 2525 255 2586 ensemque
277 2508 390 2588 trepida
413 2509 500 2587 liquit
521 2510 664 2571 attonitus
686 2511 765 2588 luga.

90 2593 202 2672 pignus
224 2603 361 2654 tenemus
384 2593 513 2656 sceleris.
557 2594 635 2656 hauc
657 2603 796 2656 maestam
819 2595 904 2675 prius
1122 2605 1169 2658 700

92 2685 234 2738 recreate.
279 2679 371 2740 crims
392 2687 504 2739 tractus
527 2686 557 2739 et
578 2678 692 2741 lacerae
716 2698 817 2741 comae

92 2772 126 2823 ut
148 2774 219 2824 sunt
240 2771 422 2837 remaneant,
444 2764 583 2826 facinoris
605 2765 679 2826 tanti
702 2774 798 2826 notae.

90 2849 221 2926 perlerte
243 2848 273 2907 in
297 2847 411 2909 urbem.
454 2847 555 2928 recipe
578 2849 634 2909 iam
657 2869 774 2925 sensus,
797 2868 856 2910 era.

92 2933 164 3010 quid
186 2941 215 2994 te
237 2933 300 3011 ipsa
322 2932 454 2994 lacerans
477 2934 619 2994 omnium·
632 2943 770 3014 aspectus
791 2931 892 3013 fugis?

91 3035 177 3078 mens
199 3017 368 3097 inpudicam
390 3018 496 3092 lacere,
520 3037 581 3080 non
605 3037 691 3080 casus
714 3021 797 3081 solet.

425 3169 574 3232 GHORVS

220 3271 308 3350 Fugit
330 3272 450 3334 insanae
473 3272 577 3333 similis
600 3272 758 3352 procellae,

177 3358 259 3417 ocior
281 3356 376 3418 nubes
398 3358 580 3438 glomerante
603 3358 690 3433 Coro,

90 3494 295 3504 ———..

173 3563 221 3612 707
241 3564 282 3624 00]
302 3561 328 3608 01
343 3558 369 3607 Ε
422 3560 471 3609 710
490 3557 581 3619 adfert
598 3558 785 3610 Priscianus!
815 3557 896 3620 ‚253‚
913 3557 972 3609 611.
990 3555 1024 3616 t‘o
1042 3554 1167 3607 tamenin

90 3627 141 3679 hoc
157 3630 283 3694 (compos)
302 3626 358 3678 solo
376 3626 517 3691 corripitur.
552 3627 651 3679 Seneca
670 3626 696 3676 id
716 3574 845 3677 Phaedla:
871 3624 1020 3692 Hippolyte,
1041 3639 1082 3676 me
1099 3639 1168 3676 nune

90 3702 235 3762 compotem
252 3697 307 3748 voti
325 3694 395 3746 lacis'
414 3696 462 3743 ubi
473 3709 514 3746 me
526 3710 593 3746 nunc
610 3710 645 3745 aa
654 3709 722 3746 nunc
734 3709 775 3745 me
787 3699 936 3745 correctum
945 3695 975 3743 tn
985 3692 1043 3744 cod.
1056 3692 1167 3743 Halter-

89 3765 238 3828 stadienai).
257 3795 291 3803 —
308 3763 387 3815 100100
405 3762 430 3812 Ε
452 3761 531 3814 iacias
549 3764 685 3814 Prisciani
708 3761 877 3813 Halbmtad.
900 3767 925 3812 at
951 3760 1166 3813 Oarotimltemis

89 3836 140 3886 712
158 3834 231 3885 solvo
249 3833 274 3884 Ε
359 3832 409 3883 720
428 3831 530 3897 ipsae&
612 3830 848 3893 727101001οηος
930 3828 1124 3896 7297000101οω
1141 3827 1167 3879 Ε

88 3904 140 3953 732
158 3903 276 3954 0010οΑ
327 3902 377 3953 733
394 3898 486 3951 relcrte
503 3900 536 3950 A.
554 3914 662 3964 -cop
681 3912 723 3950 em
738 3913 791 3950 sar.
809 3912 825 3949 o
843 3897 905 3951 2m.
922 3904 954 3948 ut
971 3897 1064 3951 070.Ε
1116 3899 1167 3950 734

88 3969 281 4022 100000οΕ.-
300 3972 431 4036 aspectum
451 3968 474 4018 A
