2580 4366
534 234 676 278 THYRSTES

183 400 188 410 ¹
272 385 350 464 vulgi
373 383 543 465 praecipitis
563 393 670 457 movet,

273 489 335 531 non
358 470 500 550 quidquid
524 469 597 531 indit
619 468 767 533 Occidens

272 565 324 617 aut
345 555 424 616 unda
445 555 545 634 Tagus
564 573 654 617 auree

238 679 249 693 κ
272 640 351 702 elane
373 640 488 701 devehit
509 638 604 715 alveo,

272 743 334 786 non
358 723 501 809 quidquid
522 723 640 803 Libyeis
665 725 734 786 terit

272 811 388 871 fervens
409 828 476 871 unes
498 809 675 883 messibus„

272 912 362 974 quem
384 913 446 955 nen
468 893 619 957 concutiet
640 895 751 959 uadens

271 979 386 1060 obliqui
408 979 453 1041 uin
474 978 617 1054 fulminis,
710 1036 714 1041 .

272 1083 334 1126 non
356 1065 456 1126 Eurus
475 1065 595 1144 rapiens
615 1083 699 1128 mere

272 1160 323 1212 ant
344 1167 429 1212 snevn
452 1149 573 1210 rabidus
593 1149 668 1211 freto

272 1235 384 1297 ventosi
407 1246 506 1297 tumor
528 1233 662 1305 Hadriae,

272 1338 359 1399 quem
384 1338 443 1381 nnn
467 1320 568 1383 innuen
589 1319 701 1394 militis,

272 1423 333 1466 non
356 1406 476 1467 strictus
497 1405 613 1467 domuit
631 1405 764 1485 chalybs,

272 1491 323 1570 qui
346 1500 409 1552 tuto
432 1489 548 1570 pesitus
567 1489 635 1550 luen

271 1575 348 1637 infru
370 1594 402 1635 se
424 1575 501 1635 videt
523 1574 622 1635 omnia

272 1661 462 1740 occurritque
484 1677 539 1721 suu
559 1658 657 1720 libens

270 1746 330 1807 inte
352 1763 409 1807 nee
431 1743 566 1826 queritur
586 1743 673 1804 meri.

337 1830 433 1909 Reges
455 1827 632 1891 conveniant
653 1827 723 1913 lieet

272 1916 322 1994 qui
345 1914 602 1994 sparsusfngiiene.
618 1913 724 1988 Dehas,

271 2000 323 2079 qui
344 1999 427 2061 rubri
448 1999 519 2060 vnde
545 1997 640 2061 litoris
768 1999 772 2006 '

271 2093 301 2146 et
323 2083 448 2164 gemmis
468 2101 549 2146 mere
570 2080 692 2145 lucidis'

270 2169 328 2231 late
349 2169 545 2249 sanguineum
567 2175 681 2243 tenent,

270 2263 321 2316 aut
342 2256 393 2335 qui
416 2255 521 2336 Caspia
544 2253 672 2315 fontibus

270 2338 428 2401 recludunt
447 2340 516 2418 iuge
539 2338 689 2414 Sarmatis,

270 2433 363 2486 certet
384 2423 508 2486 Danuvii
530 2425 636 2487 vedum

271 2510 359 2572 audet
382 2510 432 2590 qui
455 2510 545 2591 pedes
568 2507 682 2588 ingredi

272 2605 301 2655 et
321 2598 522 2674 (quecumque
543 2593 741 2669 iussissent)

272 2678 360 2741 Seres
380 2679 487 2741 vellere
509 2677 639 2742 nobiles:

272 2781 357 2827 mens
377 2782 504 2842 regnum
526 2765 605 2825 bene
627 2763 767 2842 possidet.

273 2849 315 2910 nil
337 2848 406 2910 ullis
427 2867 503 2929 opus
525 2858 569 2910 est
591 2849 698 2927 equis„

271 2933 313 2994 nil
335 2934 424 2995 armis
447 2945 475 2995 et
496 2933 643 2997 inertibus

270 3019 337 3080 telis
359 3037 434 3099 quae
456 3018 561 3099 prneui
584 3017 692 3097 ingerit

270 3103 405 3178 Parthus,
427 3122 496 3166 enm
518 3101 635 3165 simulat
656 3104 751 3180 fuges,

271 3189 397 3251 admotis
419 3189 492 3251 nihil
515 3198 559 3250 esi
580 3206 657 3268 opus
1096 3196 1141 3247 385

273 3273 362 3336 urbes
384 3274 517 3336 sternere
538 3273 693 3347 machinis,

271 3358 361 3437 lenge
382 3377 449 3420 saxa
470 3358 651 3431 rotantibus:
785 3353 789 3364 '
1097 3365 1141 3417 387

272 3444 330 3505 hoe
350 3461 475 3522 regnum
499 3443 554 3505 sibi
577 3443 704 3524 imisque
726 3442 784 3505 dat.
1096 3449 1142 3501 330

76 3590 112 3627 'ex
129 3580 170 3627 est
187 3577 229 3642 qui
248 3578 339 3629 metuit
356 3577 427 3638 nihii,
1097 3583 1140 3625 383

76 3657 111 3694 ex
128 3648 169 3695 est
186 3645 230 3710 qni
248 3646 334 3714 cupiet
351 3636 421 3697 nihii.

136 3765 271 3818 353-355
291 3780 341 3816 om.
358 3764 383 3815 Ε
451 3765 502 3816 359
519 3763 644 3830 nbiiviqui
661 3763 686 3813 n
745 3765 793 3817 361
813 3760 918 3829 rapidus
934 3762 959 3813 A
1018 3761 1141 3815 383188-

77 3843 113 3884 :en
130 3829 235 3884 immitis
252 3833 277 3885 Iu*
345 3835 395 3886 370
413 3830 509 3910 dsehns
526 3830 624 3894 (deses)
642 3832 667 3883 A
719 3833 769 3884 372
787 3836 832 3882 eut
849 3845 873 3910 g.
891 3833 918 3894 ς.
936 3858 969 3873 -
987 3828 1098 3883 ineidum
1116 3831 1141 3882 A

77 3898 120 4022 gg
136 3899 241 4020 annixi
256 3900 350 3953 vudum
369 3900 393 3950 Ε
410 3899 548 3952 danubium
571 3899 630 3952 lieet
648 3900 673 3950 A
749 3901 799 3953 383
817 3897 876 3951 tus
893 3897 931 4013 E*⁸
987 3899 1036 3953 388
1056 3897 1141 3950 duim
