2602 4380
456 205 495 248 nu
517 204 644 248 cuurrcrs
665 204 851 247 ronrunrnrs.
1130 192 1189 255 133

111 370 251 428 secutum,
274 391 316 400 —
338 367 372 419 nt
392 357 586 436 quodcumque
607 366 730 417 mennam
751 374 859 417 nouum
880 355 1033 436 reliquisse
1054 361 1192 422 inuenisse

113 445 267 516 iudicarit,
304 443 342 503 ed
367 441 435 503 boec
463 441 534 522 'qaue
561 445 729 502 enumeravi
754 445 852 520 utiqaee
880 442 1055 520 reseretur).
1112 445 1191 507 illam

113 537 215 590 autem
237 535 402 587 metrorum
424 545 460 586 ex
481 525 602 587 heroico
621 543 707 586 versu
724 524 912 604 potissimum
929 538 957 587 et
971 526 1103 589 trimetro
1119 529 1191 591 iam-

113 613 182 674 bico
205 611 432 673 derivandorum
456 609 619 672 doctrinam
636 609 659 671 si
677 609 796 671 Caesius
811 609 919 671 Bassus
936 611 1054 673 demum
1070 612 1191 688 invenit,

114 697 167 777 qui
190 696 312 769 seilicet,
335 706 369 757 ut
391 713 445 774 per
459 695 671 756 Terentianum
694 694 902 774 comperimus,
925 695 1022 756 citavit
1038 697 1192 773 Senecam,

114 800 178 843 uon
208 781 391 857 intellegitur
423 779 474 858 qui
508 779 608 840 eadem
641 780 806 840 instructus
835 779 947 841 Seneca
977 782 1034 842 iarn
1063 783 1192 845 carmina

112 868 170 928 ista
199 865 411 945 composuerit.
463 864 515 926 sed
543 864 666 925 dubium
696 883 757 924 non
786 873 831 924 est
857 865 931 942 quin
962 875 1031 928 aute
1058 866 1193 928 Caesium

113 951 298 1031 grammatici
321 950 420 1028 graeci
443 960 471 1010 et
492 951 570 1010 inter
592 949 699 1009 latinos
722 950 753 1010 111
776 949 880 1028 primis
905 949 995 1011 Varro
1017 951 1192 1013 immensam

112 1046 281 1098 metrorum
308 1033 476 1096 varietatem
505 1034 609 1094 eodem
636 1033 724 1093 modo
754 1033 931 1112 digesserint
953 1043 981 1097 et
1003 1035 1192 1115 explicariut3

113 1140 192 1201 quae
222 1138 284 1181 uon
315 1119 399 1180 aliter
427 1118 458 1178 in
485 1118 595 1179 scholis
616 1135 728 1198 pueros
750 1118 887 1179 didicisse
909 1126 938 1180 et
960 1128 1194 1182 consentaneum

112 1214 160 1267 est
182 1214 212 1266 et
234 1204 307 1265 11333
329 1204 393 1282 ipsa
416 1221 491 1281 quae
511 1203 700 1264 tractavimus
723 1204 851 1264 carmina
874 1212 1001 1283 possunt
1021 1206 1192 1266 testimonio

112 1309 191 1353 esse.
231 1289 328 1350 elucet
350 1288 429 1348 enim
453 1296 637 1366 quantopere
659 1287 799 1348 alacriora
822 1289 940 1367 ingenia
963 1288 999 1350 ad
1017 1308 1092 1350 3313
1108 1292 1193 1351 33113-

111 1387 191 1438 13313
213 1393 268 1436 333
290 1381 384 1433 marte
405 1373 616 1433 conformanda
639 1373 771 1433 doctrina
795 1374 849 1435 ista
875 1374 991 1435 incitari
1021 1375 1192 1449 debuerint3

111 1480 215 1539 neque
249 1459 388 1537 cuiquam
418 1457 476 1517 uisi
505 1457 727 1518 adulescentulo
760 1459 812 1537 qui
840 1458 887 1518 vix
915 1459 1019 1520 ludum
1046 1460 1195 1539 superarit

109 1547 187 1607 haec
203 1544 334 1605 carmina
349 1541 456 1603 ascribi
471 1560 559 1620 posse
572 1542 784 1621 peritissimum
794 1561 943 1622 quemque
958 1561 1118 1605 sensurum
1128 1563 1194 1607 esse

110 1629 244 1693 confido.
290 1645 364 1706 quae
387 1644 455 1688 cum
478 1626 600 1687 omniuo
623 1627 767 1707 puerilem
797 1628 942 1707 quandam
966 1628 996 1690 in
1019 1630 1122 1691 metris
1147 1631 1193 1689 13-

108 1713 269 1777 veniendis
292 1711 455 1772 cacozelian
473 1730 589 1791 praese
605 1713 709 1785 ferant,
733 1720 794 1772 tum
812 1714 1024 1790 congruentiae
1040 1731 1193 1793 nexusque

110 1815 311 1864 numerorum
340 1804 391 1857 aut
406 1795 527 1879 ¹nullum
550 1805 600 1857 aut
628 1796 732 1856 rudem
755 1797 912 1858 admodum
935 1798 1049 1858 auctori
1071 1816 1193 1859 sensum

107 1885 241 1948 infuisse
264 1882 400 1944 clamant.
445 1899 505 1958 quo
528 1881 649 1954 accedit,
676 1882 705 1942 id
728 1883 806 1960 quod
830 1882 989 1942 identidem
1011 1883 1192 1958 monuimus,

109 1981 144 2032 ut
161 1967 342 2031 elocutionis
357 1964 515 2044 agilitatem
530 1974 693 2026 metrorum
713 1966 924 2028 edolandorum
943 1966 1043 2027 labore
1064 1967 1193 2029 inhiberi

108 2054 226 2133 ubique
251 2060 280 2114 et
302 2049 467 2130 constringi
490 2051 555 2112 sine
576 2050 696 2112 lectoris
719 2050 825 2129 gaudio
847 2051 1039 2131 percipiatur.

199 2138 301 2217 itaque
323 2136 467 2197 Senecam
489 2135 743 2198 adulescentulum
767 2143 796 2197 et
818 2136 966 2216 Oedipum
989 2144 1018 2198 et
1037 2138 1192 2214 Agamem·

107 2241 226 2287 nonem
258 2221 415 2300 scripsisse
443 2222 600 2282 contendo.
648 2239 793 2300 namque,
822 2231 855 2282 ut
883 2222 919 2282 ad
947 2222 1128 2301 propositam
1157 2222 1194 2283 de

107 2319 237 2372 auctore
265 2306 470 2385 quaestionem
498 2307 616 2365 andem
646 2305 804 2384 aliquando
834 2307 1004 2381 redeamus,
1033 2306 1092 2366 hoc
1113 2315 1194 2367 certe

107 2392 269 2457 consecuti
300 2409 404 2452 sumus
431 2397 464 2451 ut
493 2388 529 2450 311
558 2408 619 2450 333
643 2391 806 2471 eodemque
828 2397 966 2470 quattuor
988 2391 1043 2452 1313
1065 2391 1195 2452 33113133

108 2479 225 2559 scripta
248 2495 314 2538 esse
336 2482 417 2537 extra
439 2474 653 2536 dubitationem
675 2475 806 2538 videatur
828 2475 968 2555 positum.
1012 2476 1044 2536 in
1075 2475 1194 2554 quibus,

109 2563 229 2626 etiamsi
253 2561 414 2638 utrobique
436 2559 596 2638 singularia
618 2561 760 2639 quaedam
782 2570 876 2621 metra
897 2560 1107 2632 inveniuntur,
1135 2571 1195 2620 tam

108 2647 248 2728 aequalis
269 2662 409 2706 versuum
432 2645 659 2723 pangendorum
680 2646 765 2721 ratio,
790 2653 848 2705 tam
871 2644 934 2724 pari
956 2645 1044 2705 modo
1066 2645 1195 2705 circum·

110 2733 219 2814 scripti
241 2747 437 2793 numerorum
459 2728 700 2809 usurpandorum
722 2732 797 2791 fines
813 2737 968 2809 apparent,
993 2735 1051 2791 1331
1067 2729 1194 2809 denique

112 2818 221 2898 exigua
250 2817 283 2879 iu
312 2821 441 2895 utroque
469 2814 628 2894 eloquendi
658 2823 688 2877 et
714 2814 875 2876 sententias
898 2814 934 2877 ad
956 2824 1119 2877 metrorum
1142 2834 1195 2876 an-

113 2903 228 2983 gustias
251 2900 410 2981 adaptandi
433 2899 574 2974 facultas,
597 2908 631 2962 ut
651 2901 687 2961 ad
710 2901 838 2962 eundem
861 2900 965 2978 utique
987 2908 1137 2961 auctorem
1161 2917 1195 2960 33

112 2988 267 3051 rettuleris
290 2986 315 3046 si
339 2985 477 3064 adespota
500 2985 756 3046 circumferantur.
786 2993 875 3063 atque
890 3003 929 3045 ne
944 2985 974 3044 in
991 2984 1113 3045 canticis
1129 2994 1194 3043 133-

116 3083 178 3135 tum
195 3073 261 3134 istis
277 3070 506 3150 Agamemnonis
522 3077 673 3133 auctorem
686 3071 815 3132 Senecae
831 3068 955 3131 similem
971 3088 1036 3130 esse
1052 3067 1193 3148 opineris,

118 3177 178 3220 non
194 3158 308 3219 maiore
323 3173 392 3216 cum
407 3154 589 3216 dubitatione
602 3155 632 3215 id
646 3155 746 3252 quod
739 3175 769 3216 13
776 3156 836 3216 hac
848 3154 1021 3233 quaestione
1033 3151 1196 3232 plurimum

121 3244 192 3306 13131
205 3240 404 3323 pronuntiare
414 3259 546 3320 possum,
564 3240 704 3302 nimirum
716 3240 747 3302 in
760 3248 819 3302 tota
833 3239 1053 3335 Agamemnone
1065 3236 1196 3297 Senecae

123 3345 236 3389 1333331
259 3326 422 3403 stilumque
446 3344 506 3386 uon
530 3325 630 3386 minus
652 3326 730 3386 clare
752 3324 873 3403 agnosci
895 3340 984 3402 quam
1007 3322 1037 3382 iu
1058 3319 1194 3382 Herculis

128 3411 220 3474 1131331
242 3412 334 3475 311313
357 3418 440 3490 parte
461 3428 583 3471 manum
597 3409 634 3471 ab
649 3411 700 3472 illo
716 3410 874 3472 diversam:
898 3407 927 3467 id
943 3405 1024 3486 quod
1040 3405 1085 3465 vel
1099 3405 1194 3467 multo

132 3496 302 3595 gravioribus
331 3495 513 3592 argumentis
543 3514 630 3575 quarn
658 3495 694 3557 ab
721 3495 784 3557 aliis
807 3491 928 3554 nobisne
951 3490 1048 3553 3113111
1071 3500 1196 3570 potuere

135 3582 171 3641 111
189 3583 292 3662 vixque
315 3581 470 3643 extenuari
493 3589 588 3659 queat.
633 3580 673 3641 113
694 3588 792 3641 autem
814 3578 921 3673 sentio,
944 3578 1195 3673 Agamemnonem

138 3661 201 3726 11131
216 3668 345 3731 Senecae
368 3666 532 3744 tragoedias
555 3684 618 3726 eam
635 3683 699 3727 esse
715 3681 801 3743 quam
817 3663 942 3741 primam
958 3661 1086 3742 scripsit,
1106 3661 1195 3722 Oedi-

64 3816 67 3826 ,
142 3764 198 3824 pum
216 3752 392 3826 secundam
424 3768 483 3830 quo
506 3750 680 3812 factumest
704 3749 790 3810 etiam
812 3756 846 3808 ut
867 3747 914 3808 1113
937 3747 1077 3809 laxiorem
1100 3746 1196 3807 adhue
1226 3812 1231 3816 ,

144 3833 230 3898 1313131
252 3843 480 3918 anapaestorum
509 3836 733 3897 condendorum
764 3842 865 3895 artem.
917 3832 1064 3912 Oedipum
1097 3838 1196 3893 autem

149 3915 233 3982 ninus
252 3923 357 3986 saltem
379 3930 448 3982 aute
469 3919 806 3999 Phoenissas'scriptam
821 3936 896 3993 3333,
918 3917 948 3979 id
964 3917 1044 3996 quod
1059 3933 1113 3976 suo
1128 3916 1194 3975 loco
