2580 4366
544 222 719 266 rflouhlssnn

95 375 213 435 adverte
235 383 365 436 mentem
386 407 427 417 -
450 391 533 435 saeva
555 373 723 435 Thebarum
749 374 814 436 lues
918 375 921 381 '

95 459 222 520 luctifica
245 458 340 520 caecis
362 458 449 520 verba
472 459 657 520 committens
679 458 774 520 modis

96 545 168 623 quid
191 544 284 605 simile
307 542 430 623 posuit?
454 544 525 623 quid
547 551 606 605 tarn
627 541 853 606 inextricabile?

96 631 141 691 avi
163 647 256 708 gener
276 629 429 709 patrisque
450 628 548 689 rivalis
570 630 627 704 sui,

95 714 187 775 irater
208 732 331 774 suorum
354 712 480 775 liberum
503 721 533 774 et
554 714 676 776 fratrum
700 732 823 794 parens3

96 818 158 861 uno
181 800 242 860 avia
265 806 351 879 partu
373 798 482 859 liberos
503 799 621 878 peperit
645 799 718 875 viro,

96 884 153 946 sibi
176 893 204 946 et
227 892 361 963 nepotes.
405 892 538 945 monstra
560 883 627 962 quis
652 890 732 945 tanta
755 881 903 963 explioat?

96 987 152 1048 ego
175 969 249 1049 ipse,
271 968 363 1030 vietae
384 968 478 1048 spolia
501 968 552 1046 qui
575 969 717 1049 Sphingis
737 968 803 1043 tuli,

95 1053 296 1115 haerebo-fati
320 1054 421 1114 tardus
444 1053 593 1133 interpres
614 1054 682 1115 mei.

326 1155 344 1189 tt
538 1158 557 1191 ff

97 1222 168 1302 quid
190 1222 290 1302 perdis
313 1222 389 1284 ultra
411 1220 521 1283 rerba?
544 1223 615 1301 quid
637 1231 742 1302 peetus
763 1223 859 1285 lerum

95 1307 213 1368 mollire
234 1315 359 1387 temptas
382 1305 545 1387 precibus?
569 1308 626 1369 bon
648 1308 746 1369 animo
769 1309 851 1370 sedet

97 1393 249 1454 effundere
271 1392 349 1453 hane
371 1411 438 1453 oum
461 1401 557 1453 morte
578 1392 738 1455 luctantem
764 1393 815 1455 diu
914 1438 920 1443 -

96 1478 224 1539 animam
247 1485 277 1538 et
297 1478 434 1540 tenebras
456 1485 572 1557 petere:
597 1496 665 1538 nam
687 1479 792 1540 sceleri
813 1480 887 1543 baon
909 1499 975 1544 meo

96 1580 202 1643 parum
225 1562 281 1623 alta
305 1581 365 1623 nox
386 1570 445 1623 est:
470 1563 593 1624 Tartaro
615 1563 703 1624 condi
728 1563 816 1641 iuvat,

98 1656 128 1709 et
149 1648 174 1707 si
198 1647 268 1726 quid
291 1647 368 1708 ultra
391 1647 547 1708 Tartarum
571 1656 632 1722 est;
658 1648 776 1709 tandem
798 1648 871 1712 libet

97 1733 178 1810 quod
200 1732 270 1792 olim
294 1740 420 1812 oportet.
465 1737 560 1793 morte
582 1731 734 1811 prohiberi
756 1732 835 1795 baud
858 1753 945 1814 queo.

96 1819 209 1879 lerrum
233 1814 376 1895 negabis?
399 1817 502 1877 noxias
524 1816 608 1896 lapsu
632 1816 692 1877 rias

97 1902 200 1964 oludes
222 1909 251 1963 et
272 1903 344 1963 artis
367 1901 441 1962 eolla
464 1901 579 1980 laqueis
600 1901 692 1962 inseri

96 1984 293 2067 prohibebis?
315 1986 421 2048 herbas
445 2004 520 2065 quae
542 1988 642 2047 ierunt
664 1985 757 2047 letum
779 1985 919 2052 auteres?

97 2072 169 2152 quid
191 2072 246 2133 ista
268 2072 385 2133 tandem
408 2090 478 2132 eura
500 2071 636 2151 proficiet
657 2069 729 2133 tua?

97 2156 210 2236 ubique
232 2175 313 2217 mors
336 2165 390 2217 est.
435 2164 557 2237 optume
578 2155 636 2216 hoo
659 2155 733 2217 eavit
755 2156 843 2219 deus:

98 2243 214 2324 eripere
235 2243 322 2302 vitam
346 2260 434 2302 nemo
458 2260 518 2302 non
542 2241 658 2302 homini
680 2249 786 2321 potest,

96 2335 127 2388 at
149 2345 236 2388 nemo
259 2334 400 2402 mortem;
423 2326 502 2387 mille
524 2326 560 2387 ad
583 2326 660 2388 bano
682 2326 778 2388 aditus
800 2335 911 2406 patent.

97 2412 141 2473 nil
164 2430 290 2491 quaero:
315 2412 415 2472 dextra
437 2420 539 2474 noster
561 2420 590 2472 et
612 2411 691 2473 nuda
713 2412 788 2474 solet

96 2497 175 2558 bene
196 2498 313 2559 animus
335 2497 379 2559 uti
404 2530 441 2540 —
466 2497 576 2571 dextra,
600 2515 683 2558 nuno
704 2506 767 2559 toto
788 2498 912 2578 impetu,

97 2589 161 2643 toto
185 2581 297 2656 dolore,
320 2580 430 2642 viribus
453 2581 523 2642 totis
544 2581 621 2642 reni.

99 2686 161 2728 non
185 2666 301 2729 destino
323 2685 417 2728 unum
439 2666 554 2728 vulneri
576 2673 680 2726 nostro
703 2664 819 2726 locum:

98 2760 178 2813 totus
201 2770 313 2812 nocens
335 2770 418 2812 sum:
442 2770 499 2830 qua
521 2751 602 2813 voles
624 2757 748 2812 mortem
772 2751 864 2831 erige.

98 2837 223 2916 effringe
244 2842 350 2915 peetus
373 2854 484 2915 corque
506 2844 552 2897 tot
573 2835 718 2897 scelerum
741 2854 833 2916 capax

98 2921 200 2995 evelle,
223 2928 301 2982 totos
322 2920 469 2982 viseerum
492 2921 571 2982 nuda
592 2920 688 2982 sinus.

98 3008 224 3069 fractum
248 3005 376 3067 incitatis
398 3005 507 3068 ictibus
529 3012 632 3084 guttur
654 3011 742 3066 sonet

97 3093 271 3170 laceraeque
293 3091 358 3151 fixis
381 3090 532 3170 unguibus
554 3109 645 3152 venae
669 3090 772 3151 fluant.
870 3104 871 3107 ’

99 3186 150 3237 aut
172 3176 265 3254 dirige
287 3175 346 3236 iras
368 3193 428 3254 quo
451 3175 543 3237 soles:
566 3176 640 3236 haee
660 3174 783 3235 vulnera

98 3261 224 3321 rescissa
246 3259 340 3322 multo
362 3260 508 3340 sanguine
530 3278 564 3322 ao
585 3259 652 3320 tabe
673 3260 778 3337 inriga,

98 3346 154 3407 hao
176 3345 295 3407 extrahe
317 3345 444 3407 animam
466 3345 579 3417 duram,
604 3342 873 3423 inexpugnabilem.
956 3409 960 3429 ἵ

99 3441 129 3492 et
151 3438 194 3504 tu,
216 3448 335 3511 parens,
358 3430 540 3508 ubicumque
563 3446 726 3509 poenarum
750 3427 861 3490 arbiter

98 3515 197 3576 adstas
218 3533 349 3576 mearum
372 3549 415 3562 -
438 3533 499 3574 non
522 3530 578 3591 ego
599 3513 657 3575 hoe
678 3520 793 3577 tantum
816 3513 913 3574 scelus

100 3599 160 3660 ulla
183 3599 295 3680 expiari
314 3599 425 3661 credidi
446 3616 543 3680 poena
566 3597 636 3660 satis

187 3752 235 3803 137
254 3764 284 3801 aa
300 3749 349 3832 eibi
366 3750 400 3802 A.
420 3777 452 3833 -Γ
470 3748 581 3816 explicet
596 3748 622 3799 A
680 3749 727 3800 139
744 3745 907 3832 haereboqua
924 3744 950 3797 Ε
1003 3751 1064 3813 port
1081 3762 1114 3830 o..
1125 3747 1175 3800 139

72 3936 74 3939 ,
98 3823 351 3953 ibiibi-'lii
369 3819 630 3950 “iiiiiiiim
638 3820 700 3936 ’13⁴4‘
711 3813 872 3935 33?wa
873 3814 973 3959 iii?
992 3829 1067 3950 fini?
1082 3817 1176 3951 tlt

98 3954 177 4007 codd.
197 3952 362 4006 eorraoeitN.
373 3953 497 4005 Heinsius
507 3952 566 4005 ado.
574 3967 603 4020 p.
612 3953 646 4005 51
698 3954 749 4006 4162
766 3952 899 4006 lnoeraeve
912 3952 937 4003 Α
990 3953 1042 4035 ibss
1056 3950 1184 4017 qoeueb.
