2580 4366
536 227 564 266 L.
588 227 693 270 nunant
715 229 843 271 SENECAE

445 375 663 438 cassanum

240 494 380 555 Cohibete
402 495 535 556 lacrimas
559 515 646 556 omne
669 513 742 576 quas
765 504 882 578 tempus
904 507 994 579 petet,

153 580 294 654 Troades
323 589 352 641 et
374 580 455 659 ipsae
477 589 571 642 vestra
594 580 772 642 lamentabili

152 665 252 744 lugete
275 665 385 742 gemitu
407 665 525 727 lunera:
549 684 707 727 aerumnae
729 684 811 729 meae

153 748 266 810 socium
289 757 437 811 recusant.
482 751 613 813 cladibus
635 757 758 830 questus
781 751 855 812 meis

154 843 309 896 removete.
355 835 464 896 nostris
486 836 549 915 ipsa
573 835 717 897 sufficiam
740 835 850 897 maliss

307 989 390 1031 cnon.
435 971 583 1032 Lacrimas
606 971 734 1032 lacrimis
757 972 881 1033 miscere
904 973 998 1035 iuvat:
1039 998 1041 1002 ’

305 1056 398 1134 magis
421 1065 549 1117 exurunt
572 1073 648 1134 quos
669 1066 799 1117 secretae

305 1141 437 1202 laceram
459 1159 556 1214 curae,
579 1141 658 1201 iuvat
678 1141 861 1202 inmedium

307 1225 414 1287 deflere
436 1243 523 1296 suos;
547 1235 668 1301 noctu,
692 1226 824 1305 quamvis

306 1311 379 1370 dura
400 1311 500 1387 virago
523 1310 698 1389 patiensque
719 1311 798 1387 mali,

306 1395 418 1475 poteris
440 1403 536 1455 tantas
558 1395 629 1461 llere
652 1396 762 1456 ruinas.

307 1498 367 1540 non
391 1498 466 1559 quae
487 1499 578 1541 verno
601 1479 710 1552 monile
731 1498 850 1541 carmen

306 1583 387 1625 ramo
411 1573 508 1625 cantat
529 1565 621 1625 tristis
644 1565 738 1626 aedon

304 1649 369 1729 ltyn
392 1649 423 1710 in
448 1651 542 1710 varios
563 1649 709 1712 modulata
733 1668 859 1755 souccy

306 1753 367 1794 non
391 1752 466 1812 quae
488 1735 574 1796 tectis
596 1734 725 1795 Bistonis
747 1734 808 1796 ales

305 1819 439 1900 residens
461 1820 584 1881 summis
606 1820 696 1899 impia
718 1820 774 1880 diri

306 1905 383 1964 iurta
405 1904 503 1966 mariti
526 1905 642 1982 garrula
665 1915 774 1978 narrat,

305 1988 408 2066 lugere
429 1997 508 2050 tuam
531 1990 641 2068 poterit
663 1991 752 2066 digne

307 2080 468 2152 conquesta
491 2074 621 2136 domum.
665 2073 734 2134 licet
755 2074 821 2154 ipse
843 2074 910 2136 velit

306 2159 403 2218 clarus
426 2159 527 2219 niveos
549 2160 627 2221 inter
649 2160 747 2220 olores

306 2241 439 2303 Histrum
462 2262 574 2322 cycnus
596 2243 769 2322 Tanainque
792 2243 893 2304 colens

307 2336 434 2388 extrema
456 2326 548 2406 loqui,
571 2328 639 2389 licet
661 2328 799 2406 alcyones

308 2412 399 2492 Ceyca
422 2430 510 2473 snum
531 2413 624 2473 fluctu
646 2411 749 2473 leviter

307 2497 465 2576 plangente
487 2505 604 2572 sonent,
627 2515 695 2558 cum
718 2497 878 2576 tranquillo

306 2581 381 2642 male
403 2582 532 2642 confisae
553 2582 679 2642 credunt
700 2582 808 2643 iterum

307 2667 412 2745 pelago
435 2667 559 2728 audaces
582 2667 719 2747 letusque
740 2686 811 2728 suos

308 2751 378 2811 nido
401 2751 520 2831 pavidae
542 2751 687 2815 titubante
710 2752 823 2825 lorent;

309 2854 369 2896 non
393 2836 418 2896 si
440 2835 544 2898 molles
564 2837 702 2899 comitata
724 2837 802 2897 viros

213 2981 216 2985 ,
307 2920 400 2981 tristis
421 2920 532 2982 laceret
553 2921 690 2983 bracchia
711 2930 808 2984 tecum

308 3023 383 3082 quae
406 3005 528 3068 turritae
551 3007 637 3068 turba
651 2999 775 3086 'parenti

307 3098 437 3168 pectora,
460 3109 550 3152 rauco
573 3092 798 3165 concitabunt,

306 3173 376 3234 lerit
397 3184 431 3236 ut
452 3175 612 3255 Phrygium
635 3177 734 3254 lugeat
756 3175 848 3251 Attin,

308 3278 370 3320 non
394 3270 439 3322 est
460 3260 598 3334 lacrimis,
621 3259 792 3336 Cassandra,
815 3260 931 3335 modus

309 3344 377 3422 qnia
401 3364 476 3424 quae
497 3346 626 3425 patimur
648 3346 743 3407 vicere
764 3347 894 3407 modum.

155 3461 359 3470 m

241 3544 291 3596 669
310 3546 375 3612 petit
392 3548 418 3596 A
469 3548 603 3599 665-666
623 3549 751 3611 tricentur,
771 3547 842 3611 dim„
862 3549 933 3598 irim.
949 3546 972 3596 A
1023 3549 1077 3599 669
1096 3563 1152 3601 nec.
1165 3550 1233 3604 enim

155 3623 258 3675 quamv.
274 3612 301 3662 A
369 3616 419 3666 670
437 3612 522 3664 nobile
538 3615 565 3665 A
638 3617 686 3667 6⁷1
707 3613 781 3683 qdom
798 3614 824 3666 E
846 3614 935 3666 edonis
951 3615 978 3665 A
1002 3619 1125 3668 correoeit
1142 3619 1233 3672 Aeone

156 3681 209 3727 tius
285 3683 334 3732 cta
351 3681 393 3732 liis
410 3686 486 3733 tonos
504 3681 530 3732 lt
603 3684 654 3734 cte
671 3697 719 3735 rec.
737 3683 849 3744 sitvtss
924 3685 974 3735 676
992 3683 1093 3749 garrula
1111 3684 1193 3739 deflet
1209 3688 1234 3740 A

155 3747 292 3800 ote-cta
312 3751 431 3800 trimetri
445 3750 471 3801 A
539 3752 588 3802 677
607 3749 701 3814 ipan
769 3753 819 3804 679
838 3749 995 3817 Tanaimque
1013 3751 1090 3804 codd.
1110 3759 1235 3807 corruit

154 3810 268 3865 uoluens
320 3819 370 3869 680
388 3816 539 3869 altioneall
592 3819 726 3871 eal-cac
746 3822 826 3883 irim„
846 3818 899 3869 duo
917 3819 991 3884 dim„
1012 3822 1082 3870 crim.
1103 3822 1130 3873 A
1184 3825 1233 3878 aue

154 3879 256 3999 ifppittetEa
272 3883 348 3936 codd.
366 3887 476 3936 correct
527 3887 577 3938 669
595 3886 722 3938 concitata
741 3886 765 3937 Ε
786 3889 888 3952 pectore
905 3901 924 3937 r.
943 3902 965 3939 c.
983 3887 1078 3938 buxum
1098 3891 1124 3941 A
1184 3894 1234 3946 699
