2602 4380
388 231 426 273 nn
447 231 671 275 sumsusronvn
692 233 909 278 conrosrrrorur.
1124 223 1181 284 101

110 388 139 443 et
160 383 222 444 651
248 381 359 461 singuli
381 390 524 442 secuntur
545 382 671 443 trimetri
694 402 821 462 quorum
844 394 948 446 natura
963 404 999 447 eo
1016 387 1184 467 quempiam

110 465 254 527 inducere
281 467 393 546 possit,
422 475 455 527 ut
482 476 511 527 et
531 466 599 527 illos
624 476 653 528 et
681 470 797 547 priores
819 470 956 532 consulto
979 472 1092 549 positos
1121 491 1184 534 esse

110 550 262 630 opinetur.
306 551 343 612 cl.
367 551 439 611 llar.
464 551 572 613 Victor.
594 570 624 631 p.
648 554 700 627 76,
723 555 752 616 9.
795 554 825 615 in
848 562 1034 616 tetrametros
1055 555 1119 616 bini
1141 557 1185 616 di-

109 635 198 697 metri
219 653 322 697 errore
344 635 497 697 coniuncti
519 644 590 698 sunt
611 636 681 697 Tro.
699 640 738 700 72
754 657 799 716 sq.
821 647 851 700 et
872 639 980 700 Phaed.
996 641 1068 704 979.
1092 643 1142 705 80.

197 721 375 793 monometri
398 727 511 783 tantum
534 721 564 782 in
588 723 646 782 line
661 723 767 784 cantici
783 723 976 786 inveniuntur
990 725 1063 804 Thy.
1079 726 1186 788 920-

111 805 183 868 969.
222 805 332 866 Phaed.
356 807 535 875 325-357.
573 806 642 866 Tro.
666 809 845 872 705—735.
885 807 938 868 ΗΟ
965 810 1185 874 1983-1996.

109 889 139 950 id
162 890 187 950 si
211 890 375 951 contendas
398 909 467 951 casu
489 891 598 952 lactum
621 910 695 967 esse,
718 892 853 954 librarios
872 894 1011 954 nimirum
1027 895 1186 955 continuos

110 973 254 1036 dimetros
283 976 438 1054 scripsisse
466 976 562 1036 donec
590 983 773 1037 monometer
800 979 832 1037 in
866 979 924 1038 line
956 978 1185 1057 relinqueretur,

109 1058 195 1120 facile
218 1059 351 1121 concedo
373 1059 403 1119 id
424 1060 488 1120 fieri
505 1059 638 1138 potuisse
657 1070 834 1141 poetamque
854 1063 952 1141 ipsum
974 1062 1101 1124 subinde
1124 1082 1185 1124 non

108 1143 196 1206 aliter
209 1162 273 1204 rem
290 1143 462 1216 instituisse,
484 1154 518 1204 ut
532 1143 585 1205 ΗΟ
605 1146 695 1207 1996.
727 1146 778 1206 sed
796 1146 827 1206 in
845 1147 892 1207 bis
907 1166 1027 1226 quoque
1042 1149 1185 1209 rationem
1283 1196 1293 1217 ,

108 1228 207 1289 valere
236 1229 404 1307 exemplum
433 1228 646 1289 demonstrabit
674 1231 760 1308 quale
782 1231 901 1296 Medeae
924 1250 1042 1294 carmen
1066 1232 1187 1312 praebet

110 1314 283 1377 ast-842
308 1313 388 1391 quod
410 1313 453 1372 sic
475 1312 663 1374 terminatur:

317 1396 424 1459 stillent
445 1408 527 1458 ortus
549 1417 665 1478 ossaque
685 1400 799 1477 sument

318 1486 465 1561 vincatque
485 1501 552 1543 suus
573 1482 717 1561 (domante
739 1502 818 1545 coma

317 1584 394 1626 aava
414 1577 505 1645 nupto
525 1568 612 1645 seces.

317 1659 384 1711 octo
405 1660 555 1712 tenentur.-
577 1664 620 1712 ter
641 1651 764 1713 latratus

320 1736 419 1796 cudae
440 1734 545 1797 Hecate
567 1737 643 1798 dedit
664 1747 690 1798 et
711 1754 806 1797 sacros

320 1820 408 1881 edidit
428 1824 507 1898 iquos
527 1823 592 1899 soce
615 1820 757 1899 laetifero.

108 1904 162 1964 ubi
191 1912 260 1982 post
286 1914 506 1965 monometrum
535 1905 587 1984 qui
615 1904 754 1966 carminis
783 1902 876 1981 ipsius
906 1904 1057 1964 materiam
1080 1903 1188 1964 claudit

108 1998 172 2051 tres
196 1989 339 2049 dimetros
361 1989 433 2068 poni
455 1989 535 2050 vides
557 1990 641 2069 quasi
663 1990 813 2068 epilogum
836 1986 1055 2049 continentes·

198 2073 228 2135 in
252 2072 427 2152 quibusdam
449 2074 572 2135 canticis
586 2073 804 2154 frequentiores
818 2074 996 2133 monometri
1015 2082 1187 2144 occurrunt,

109 2160 142 2219 in
174 2157 257 2219 nullo
286 2157 389 2237 plures
416 2177 503 2236 quam
534 2159 565 2222 in
588 2158 741 2238 Hippolyti
767 2157 882 2218 cantico
905 2155 1066 2219 Phaedram
1088 2157 1188 2236 auspi-

111 2251 215 2304 cante:
239 2261 266 2301 r.
283 2244 335 2305 22.
355 2244 405 2306 38.
430 2245 480 2306 43.
504 2246 556 2306 47.
580 2245 631 2307 80.
655 2245 706 2318 84,
729 2260 832 2303 omnes
847 2241 878 2302 iu
901 2243 961 2303 dne
983 2242 1107 2322 periodi.
1137 2242 1189 2302 sed

110 2329 138 2390 si
154 2334 381 2407 anapaestorum
397 2345 556 2388 numerum
572 2337 698 2407 spectas,
720 2326 912 2407 parcissimus
927 2336 972 2388 est
988 2334 1189 2388 monometro-

110 2431 179 2473 rum
203 2430 287 2488 usus,
309 2412 455 2490 siquidem
477 2412 509 2472 in
531 2431 635 2474 norem
651 2412 758 2474 labulis
775 2431 836 2473 non
855 2412 981 2490 amplius
997 2412 1189 2491 quadraginta

111 2496 324 2571 inveniuntur3
354 2507 456 2558 contra
486 2497 516 2557 in
540 2497 657 2558 Octavia
686 2497 791 2575 viginti
820 2495 878 2556 duo
907 2514 1034 2575 quorum
1064 2504 1130 2558 octo
1157 2495 1188 2555 in

110 2582 210 2644 media
231 2581 378 2643 sententia
400 2581 489 2661 positi
513 2590 599 2643 sunt:
623 2591 657 2643 ut
677 2583 733 2643 bac
756 2598 876 2660 quoque
893 2581 924 2640 in
940 2600 973 2642 re
988 2588 1049 2643 arte
1064 2598 1188 2661 prorsus

110 2668 227 2729 diversa
250 2666 387 2728 Ocmviae
414 2674 566 2728 auctorem
594 2685 681 2729 usum
712 2684 777 2728 esse
805 2665 927 2727 eluceat.
971 2684 1039 2726 nam
1061 2665 1187 2727 fabulam

111 2751 247 2832 quamvis
269 2750 455 2831 interpolatis
478 2758 591 2812 tantum
613 2751 697 2812 libris
720 2758 861 2812 servatam
883 2750 919 2811 ab
942 2751 996 2811 bac
1016 2749 1190 2829 quaestione

111 2855 175 2899 non
199 2843 245 2896 est
267 2855 322 2897 cur
339 2854 501 2910 arceamus,
523 2854 592 2897 cum
607 2855 646 2897 ne
660 2837 691 2895 in
708 2835 846 2914 genuinis
861 2835 979 2914 quidem
995 2834 1191 2914 interpolator

110 2939 254 2983 versuum
276 2921 501 2999 dispositionem
524 2922 696 2999 frequenter
718 2919 853 2982 turbarit.
1167 2944 1170 2949 ’

199 3006 301 3084 itaque
329 3005 354 3065 si
376 3004 520 3065 librorum
541 3005 628 3066 fldem
650 3005 818 3083 sequimur,
849 3005 978 3065 carmina
1006 3003 1190 3084 anapaestica

112 3090 248 3152 dimetris
276 3085 361 3152 eard
391 3083 502 3169 στίχον
531 3090 665 3152 deductis
694 3088 857 3170 composita
884 3098 955 3151 sunt
982 3088 1034 3166 qui
1058 3088 1108 3149 hic
1130 3086 1191 3147 illic

112 3174 370 3256 paroemiacorum
392 3174 456 3236 vice
472 3174 665 3235 monometris
687 3174 886 3254 excipiuntur.
922 3190 1050 3251 quorum
1071 3173 1103 3231 in
1124 3188 1190 3230 rer-

113 3279 202 3322 suum
225 3259 306 3321 exitu
328 3258 354 3319 si
372 3259 521 3321 interdum
536 3259 647 3320 hiatum
665 3258 839 3338 syllabamve
852 3257 1011 3336 ancipitem
1026 3254 1192 3316 admisisset
1257 3254 1261 3259 ’

113 3345 199 3407 facile
214 3344 371 3407 lerremus.
402 3353 432 3406 at
446 3344 520 3405 fallit
532 3343 617 3405 ratio.
651 3362 719 3405 nam
742 3344 822 3423 quod
836 3351 883 3402 ter
902 3349 1015 3402 tantum
1030 3338 1061 3399 in
1076 3346 1190 3418 septem

112 3429 267 3510 prioribus
290 3428 397 3490 fabulis
419 3429 551 3490 accidere
572 3428 708 3503 vidimus,
732 3437 766 3488 ut
787 3425 894 3506 syllaba
912 3424 1017 3485 debilis
1032 3442 1094 3484 non
1109 3424 1191 3486 linita

113 3514 264 3577 sententia
282 3513 315 3574 in
337 3513 468 3575 medium
489 3532 605 3575 versum
628 3508 782 3588 incideret,
804 3510 834 3570 id
856 3510 976 3571 deciens
998 3509 1130 3588 septiens
1151 3509 1191 3570 ita

113 3600 226 3661 lactum
248 3608 311 3673 est,
341 3606 375 3659 ut
397 3598 506 3677 syllaba
528 3616 639 3676 anceps
666 3597 726 3658 sire
754 3595 852 3656 hiatus
879 3594 911 3654 in
932 3595 992 3654 line
1014 3611 1121 3656 sensus
1142 3595 1191 3655 ad·

112 3683 234 3759 missus,
256 3683 286 3745 id
302 3682 384 3763 quod
406 3701 462 3761 per
482 3702 515 3744 se
529 3682 604 3744 nihil
619 3679 792 3743 offensionis
811 3677 907 3755 babet,
930 3678 1059 3740 medium
1075 3678 1191 3740 dimetri

112 3770 214 3832 locum
237 3775 346 3830 teneat
384 3786 444 3847 quo
459 3767 490 3828 id
513 3767 631 3846 quidem
661 3765 739 3827 clare
767 3762 904 3839 efficitur,
926 3764 1007 3842 quod
1030 3780 1191 3842 numquam

113 3852 239 3916 dubium
268 3861 346 3928 erat,
376 3851 490 3914 scilicet
518 3851 596 3912 baud
622 3849 725 3929 paucis
753 3847 827 3909 locis
854 3867 870 3909 a
899 3848 983 3909 libris
1003 3847 1036 3908 in
1057 3846 1190 3909 versibus

114 3937 312 4001 discribendis
332 3936 533 3999 recedendum
556 3953 631 3999 esse.
668 3933 720 3995 sed
743 3952 781 3994 ne
802 3941 914 3996 temere
936 3931 1035 3993 omnia
1050 3950 1126 4010 quae
1140 3931 1191 3991 ad·
