2580 4366
603 518 685 596 H.¹)

189 838 302 900 Nerui
330 838 365 899 10
393 838 506 900 ratione
532 839 611 900 inter
630 838 788 900 Etruscum
814 856 1009 916 meorumque
1035 837 1182 899 librorum

105 923 201 1003 bigam
231 923 434 985 intercedente
460 923 589 1002 turpiter
614 941 728 984 errasse
752 922 912 984 videar-
939 941 1117 1002 quamquam
1143 940 1182 983 ne

103 1009 232 1088 turpiter
254 1009 372 1089 quidem
396 1026 510 1069 errasse
533 1015 592 1070 tam
611 1025 698 1087 aegre
720 1026 860 1086 umquam
879 1007 993 1069 latums
1023 1025 1112 1087 quarn
1135 1006 1182 1069 in·

104 1095 222 1156 tellecto
252 1112 352 1155 errore
382 1093 497 1171 gavisus
526 1112 592 1155 sum
618 1127 660 1138 -
686 1092 728 1154 eis
757 1093 895 1154 ellectum
923 1093 960 1154 iri
986 1110 1074 1172 spero
1105 1110 1182 1171 quae

104 1179 142 1239 de
170 1178 332 1240 Etrusco
362 1177 463 1239 codice
492 1196 566 1239 nova
586 1178 698 1246 docere
728 1195 860 1257 possum.
907 1195 994 1256 quem
1023 1183 1118 1238 totum
1141 1175 1183 1238 ita

104 1263 222 1324 excussi
244 1271 278 1324 ut
299 1263 323 1322 si
348 1263 414 1340 qnis
437 1263 563 1324 eundem
586 1280 691 1323 rursus
713 1262 793 1323 adire
815 1264 892 1323 volet
915 1281 975 1324 non
998 1261 1090 1323 multa
1107 1279 1183 1341 quae

105 1347 286 1425 neglexerim
315 1346 489 1407 inventurus
516 1348 562 1408 sit.
606 1347 664 1408 boc
685 1354 718 1408 ut
739 1347 886 1426 spondere
909 1347 1020 1426 possim
1042 1353 1125 1407 certe
1147 1364 1182 1407 eo

18 1472 22 1478 ,
105 1431 292 1512 potissimum
320 1431 457 1492 ellectum
487 1439 532 1492 est
560 1431 637 1510 quod
667 1431 823 1493 lectionem
851 1451 867 1493 a
897 1430 1045 1492 Gronovio
1075 1429 1182 1492 Petere

104 1515 230 1594 aliisque
245 1534 280 1576 01
296 1515 398 1575 eodem
414 1516 515 1576 codice
531 1523 676 1578 enotatam
693 1535 800 1595 operae
821 1534 903 1577 meae
925 1515 1063 1577 adbibere
1087 1514 1181 1595 potui.

104 1608 134 1661 at
156 1600 181 1660 si
204 1598 320 1661 mireris
345 1617 390 1660 me
413 1601 605 1662 affirmantem
628 1609 695 1681 post
715 1609 759 1661 tot
779 1601 908 1662 virorum
925 1601 1080 1662 doctorum
1096 1617 1182 1661 curas

106 1703 189 1746 nunc
216 1684 335 1746 demum
365 1692 444 1747 certa
471 1704 519 1746 me
543 1686 579 1746 de
603 1685 713 1765 optimo
735 1684 810 1746 libro
840 1685 1040 1764 prolaturum,
1064 1685 1182 1747 Grono-

104 1770 184 1830 vium
209 1771 310 1831 credas
336 1788 404 1831 cum
428 1770 542 1832 levitate
567 1769 732 1830 incredibili
759 1770 789 1830 in
815 1770 1037 1849 promulgandis
1063 1769 1182 1831 Etrusci

104 1854 261 1934 scripturis
277 1863 422 1916 versatum
441 1873 522 1930 esse;
538 1854 662 1916 Peterus
674 1863 771 1915 autem
783 1873 838 1916 nec
849 1855 914 1934 ipse
925 1854 995 1916 satis
1010 1852 1182 1933 diligentem

104 1939 176 2000 huic
200 1938 276 1999 libro
304 1957 425 2018 operam
453 1940 565 2001 navavit
599 1950 628 2001 et
656 1939 773 2000 schedis
802 1939 866 2000 eius
889 1939 1015 2002 editores
1037 1956 1182 2020 perquam

105 2023 256 2084 incuriose
277 2024 324 2085 1151
346 2030 426 2084 51101.

194 2115 282 2186 atque
297 2126 357 2169 non
374 2127 433 2170 una
453 2106 657 2186 quamprimo
676 2106 741 2167 1000
763 2107 850 2187 posui
865 2108 979 2170 ratione
1002 2107 1129 2169 inducor
1151 2116 1184 2170 ut

108 2209 185 2271 quae
200 2193 235 2253 11
255 2191 444 2270 corrigendas
467 2193 502 2253 de
518 2193 644 2253 Etrusco
666 2191 752 2253 111515
773 2192 929 2272 opiniones
950 2192 981 2253 in
1002 2191 1107 2271 primis
1130 2211 1183 2254 ne·

108 2277 235 2337 cessaria
249 2276 402 2338 videantur
417 2294 478 2338 non
499 2294 645 2338 reservem
667 2275 724 2355 ipsi
746 2277 962 2355 tragoediarum
985 2276 1107 2339 editioni
1114 2295 1123 2352 ;
1146 2276 1183 2338 ab

108 2360 156 2421 illa
178 2379 285 2440 nempe
305 2362 484 2440 superfluam
507 2361 752 2440 qualemcumque
772 2367 801 2422 et
815 2361 941 2424 inertem
955 2360 1063 2423 molem
1082 2379 1183 2423 arcere

108 2453 223 2506 certum
238 2453 292 2507 est.
324 2445 385 2506 scio
401 2454 509 2521 autem,
532 2445 591 2506 nisi
606 2446 642 2508 de
657 2445 840 2521 gravioribus
855 2447 957 2508 saltem
978 2446 1057 2508 viros
1079 2446 1194 2508 doctos·

108 2529 249 2592 certiores
264 2530 394 2606 fecerim,
418 2531 600 2592 sescentiens
622 2537 795 2593 eventurum
818 2539 851 2592 ut
872 2531 980 2593 diserte
1002 2531 1089 2592 fidem
1111 2549 1184 2611 pro·

108 2615 195 2692 111011,
216 2615 335 2677 testium
352 2615 518 2677 dissensum
534 2614 703 2691 diiudicare,
725 2624 909 2677 constantem
927 2615 1055 2694 denique
1071 2616 1183 2676 0111111-

108 2698 744 2779 1110111Το111100111111010010101151011000111
758 2700 865 2762 habere
882 2718 978 2778 cogar.
1005 2701 1105 2780 itaque
1121 2718 1181 2762 non

108 2782 194 2863 plura
209 2784 245 2845 de
260 2784 361 2846 codice
377 2785 488 2864 optimo
507 2785 633 2846 monebo
657 2803 744 2863 quam
765 2793 800 2846 ut
819 2785 850 2846 in
872 2785 1000 2846 editione
1022 2803 1183 2864 quaecum·

108 2887 167 2948 que
183 2869 262 2929 nude
277 2887 404 2948 posuero
421 2888 482 2931 non
498 2868 684 2931 dubitaturus
705 2869 745 2930 sis
768 2869 840 2948 quin
863 2888 896 2930 re
918 2887 983 2931 vera
1004 2869 1035 2930 111
1056 2869 1183 2932 Etrusco

107 2953 258 3032 legantur,
282 2971 337 3014 nec
352 2954 445 3032 magis
467 2952 571 3032 quina
592 2954 742 3033 prioribus
763 2955 917 3017 oculorum
938 2953 1075 3017 iudiciire
1097 2953 1184 3035 culpa

64 3084 67 3091 .
107 3038 150 3099 illi
166 3038 273 3099 iniuria
288 3037 397 3099 tributa
412 3039 472 3099 sint
487 3057 561 3118 quae
577 3039 714 3101 omisero.

192 3123 322 3203 primam
338 3123 427 3202 igitur
447 3123 529 3202 quod
542 3124 578 3185 ad
599 3124 655 3186 lata
674 3123 784 3185 codicis
806 3134 874 3203 post
895 3131 997 3185 renata
1018 3121 1183 3184 litterarum

107 3208 205 3268 5111111
220 3208 338 3282 attinet,
362 3209 476 3269 eumin
497 3226 599 3270 eorum
616 3225 741 3269 numero
761 3206 855 3270 1111550
877 3209 928 3286 qui
951 3226 986 3268 ex
1006 3214 1183 3269 testamento

107 3290 219 3352 Nicolai
239 3293 351 3354 Niccoli
375 3293 405 3354 in
426 3293 639 3354 monasterium
659 3294 690 3354 S.
713 3291 803 3354 111101
821 3291 903 3354 inlati
922 3291 992 3354 inda
1006 3308 1062 3371 per
1076 3292 1184 3355 multas

107 3373 325 3439 vicissitudines
339 3377 455 3439 tandem
470 3377 502 3438 in
517 3376 665 3457 publicam
680 3378 710 3438 S.
723 3375 874 3438 Laurentii
891 3375 1099 3438 bibliothecam
1113 3395 1183 3458 per·

108 3465 268 3534 venerunt,
295 3460 326 3521 in
348 3463 460 3541 primae
486 3461 610 3542 paginae
636 3479 752 3523 summo
780 3460 1078 3541 margine-scriptum
1101 3480 1183 3524 nunc

196 3673 215 3737 ¹)
233 3673 260 3724 in
280 3673 328 3727 hoc
352 3675 435 3741 capite
456 3676 597 3730 cedendum
618 3680 657 3729 est
674 3676 819 3730 necessitati
836 3674 1009 3744 utendumque
1026 3675 1140 3729 Richteri
1157 3681 1184 3730 et

110 3740 209 3807 Peiperi
224 3742 345 3807 ¹numeris,
363 3741 567 3811 quandoquidem
584 3745 617 3797 ad
634 3744 770 3797 editionem
782 3759 867 3797 eorum
880 3745 1032 3812 spectabunt
1043 3759 1183 3812 quaecum·

107 3823 160 3875 que
177 3807 209 3860 de
227 3807 324 3862 Etmsci
342 3809 474 3878 1111011115
491 3812 605 3865 referam.
