2602 4380
578 203 740 247 anteneri.

202 355 279 417 1166.
305 355 367 418 466
390 353 491 415 Medea
513 353 544 415 in
567 354 702 417 Iasonem
725 354 889 416 invehitur:

683 443 832 519 inpratum
852 451 946 521 caput,

321 524 451 589 revolvat
472 528 589 586 attimar
611 528 708 604 a‘paeos
730 530 811 587 tauri
830 524 938 587 lectitas

321 615 450 688 interque
470 627 569 672 saevos
592 611 863 689 periclitamini
885 621 978 673 metus

320 695 499 773 flammifero
522 699 553 756 ia
576 713 647 757 arvo
669 695 840 773 flammeam
861 694 960 757 Aeetae
982 715 1070 778 pecus

320 780 460 860 testisque
482 779 573 842 saliti
592 779 746 851 16166666
768 785 848 842 iecra
869 799 930 843 meo

320 868 466 944 terripeaa
486 864 570 927 miles
591 875 694 927 mutua
716 866 797 927 caede
819 865 926 927 ocat'dit.

111 951 186 1012 hacc
209 967 270 1010 non
294 958 376 1012 recte
398 949 507 1011 habere
529 948 780 1028 Hennebergerus
802 950 896 1011 sensit
917 950 938 1011 1.
960 967 984 1011 6.
1007 968 1038 1030 p.
1065 954 1120 1027 11,
1144 954 1196 1015 666

111 1034 244 1098 remedia
274 1035 388 1097 invenit
416 1034 521 1096 morbo
551 1035 699 1115 graviora:
735 1034 851 1096 sanabit
888 1034 1009 1096 ferrum.
1059 1045 1196 1100 recenset

110 1121 215 1182 Medea
235 1115 426 1201 ‘segetesque
449 1119 580 1181 virorum
602 1129 817 1200 taurorumque
840 1127 940 1182 traces
961 1116 1115 1198 flammas';
1142 1123 1194 1184 sed

112 1225 214 1286 nequo
236 1214 304 1285 post
325 1211 423 1286 ipatus
444 1209 527 1267 tauri
545 1203 652 1267 6611166
674 1205 773 1267 locum
795 1203 884 1266 habet
904 1205 1073 1286 flammeam
1094 1208 1194 1270 Aeetae

108 1311 212 1372 pectas,
248 1308 346 1371 neque
375 1289 465 1352 laetis
492 1290 581 1353 saliti
609 1290 665 1353 tela
692 1298 762 1370 post
788 1307 887 1352 saevas
916 1295 1009 1371 petetis
1037 1294 1193 1356 indomitae

109 1389 213 1440 mettas.
251 1378 276 1438 61
300 1392 435 1454 nsquam,
458 1375 516 1435 lroc
536 1374 605 1436 loco
628 1376 774 1454 deprensa
792 1383 837 1436 661
852 1374 1058 1457 6196666616,
1081 1377 1194 1440 66111661

109 1479 137 1523 v.
162 1464 224 1526 467
248 1461 285 1522 ad
308 1461 370 1524 469
393 1466 423 1521 61
443 1479 468 1521 v.
492 1461 555 1524 468
578 1459 616 1521 66
642 1462 714 1525 466.
758 1460 810 1540 qui
831 1479 857 1520 v.
880 1461 942 1524 468
971 1469 1041 1524 6616
1062 1480 1118 1525 666
1140 1462 1191 1525 de·

111 1547 193 1626 levit,
216 1546 385 1618 nicatoras,
408 1544 458 1606 ille
478 1543 663 1607 iocabundus
684 1545 742 1606 huc
764 1546 869 1606 1661666
891 1545 1016 1608 videtur.

198 1633 288 1694 linem
310 1630 397 1692 faciat
420 1630 503 1692 loeus
526 1630 557 1690 in
580 1630 706 1691 Etrusco
730 1648 790 1692 non
815 1638 946 1692 serratus
969 1630 1022 1693 ΗΟ
1048 1632 1130 1695 1576

318 1734 384 1777 uere
406 1716 475 1777 dam
495 1715 584 1796 floreo
606 1720 720 1776 emieat
742 1719 849 1794 tepenti

318 1811 346 1862 et
367 1818 476 1862 camara
497 1799 578 1861 611616
599 1800 858 1872 licencentiam,

318 1885 364 1948 ael
384 1903 494 1947 comam
514 1886 596 1946 silvie
617 1884 760 1948 revocabit
781 1895 873 1946 aestas

314 1989 457 2051 pomaque
478 1981 618 2032 autumno
641 1972 771 2050 sapiente
795 1970 899 2039 eedem,

316 2055 398 2117 nulla
419 2066 446 2118 te
468 2060 554 2117 terres
574 2060 669 2136 rapiet
690 2065 823 2117 vetustas.

110 2143 159 2205 hic
182 2142 319 2206 61578.
345 2142 385 2203 79
408 2139 553 2219 puerilem
575 2140 674 2203 lusum
698 2157 764 2201 esso
784 2138 910 2200 alicuius
932 2137 985 2216 qui
1006 2136 1067 2199 reri
1082 2137 1188 2199 hiemi·

110 2247 169 2308 que
184 2233 324 2288 aestatem
341 2243 460 2304 quoque
476 2231 506 2286 et
520 2234 695 2287 autumnum
710 2224 849 2286 accedere
863 2221 990 2285 voluerit
1003 2221 1049 2284 vel
1063 2241 1088 2284 v.
1105 2224 1186 2288 1678

109 2311 256 2395 particula
278 2310 322 2372 vel
344 2310 450 2372 docere
466 2310 572 2389 potuit.
603 2328 691 2391 quem
707 2309 806 2371 lusum
821 2306 1042 2388 interpolatoris
1058 2306 1080 2368 A
1094 2307 1187 2370 luisse

109 2399 179 2460 inde
209 2415 271 2459 non
300 2394 435 2473 sequitur
459 2395 539 2475 quod
562 2414 588 2456 v.
614 2394 823 2459 16787916
848 2392 882 2453 M
902 2392 1089 2454 omittuntur.
1133 2392 1186 2454 sod

109 2501 213 2545 versus
228 2482 260 2542 16
276 2479 440 2541 1166116666
455 2479 508 2541 ΗΟ
525 2480 626 2559 9981)
652 2481 772 2555 11679)
798 2479 918 2555 16636)
938 2479 1054 2554 17164)
1067 2477 1187 2558 spurios

110 2587 176 2631 esse
200 2574 229 2629 61
252 2565 287 2628 66
310 2564 521 2644 interpolatore
543 2564 567 2626 A
589 2566 731 2626 66666166
754 2565 818 2643 ipsa
839 2581 888 2624 res
911 2563 1007 2625 docet.

198 2786 218 2847 ¹)
235 2786 284 2837 997
316 2785 355 2833 116
375 2781 451 2832 arella
468 2795 582 2848 perages
600 2783 672 2832 iussa
691 2796 740 2831 aaa
756 2780 869 2846 franges
886 2779 958 2830 mala

316 2864 385 2902 erres
403 2864 448 2916 per
466 2849 562 2901 orbem.
590 2847 681 2916 siqua
700 2851 819 2900 nascetur
837 2846 887 2898 iera

315 2917 435 2980 referans
451 2921 609 2984 parentam?
635 2917 775 2968 dexteram
792 2915 955 2981 intrepidam
973 2931 1050 2982 para.

108 3008 133 3042 v.
143 2991 192 3043 997
213 2986 295 3040 61611.
326 3001 546 3054 peragas-aee
562 2999 697 3052 peragent
707 2984 740 3038 A.
766 3000 791 3038 v.
799 2986 849 3037 999
867 2982 969 3044 reseret
980 2982 1011 3037 6.
1038 2981 1183 3043 refaraaA.

108 3057 229 3119 reform
247 3069 331 3106 meum
349 3058 396 3106 661.
504 3091 510 3098 .

195 3125 217 3191 2)
238 3125 303 3177 1166
622 3121 690 3172 6661
705 3136 779 3172 meae
798 3119 878 3170 talam
895 3120 968 3168 aeea't

315 3203 405 3259 saxnna
423 3189 527 3241 661666
544 3187 624 3241 instar
641 3189 737 3242 montis
754 3189 890 3255 abruptam
909 3186 977 3237 16166

314 3263 354 3310 aet
371 3262 441 3308 16166
460 3255 566 3324 Othrya.

108 3346 133 3383 v.
154 3331 219 3383 1167
238 3326 309 3378 varia
328 3325 468 3378 coniecere.
503 3341 529 3376 v.
551 3327 615 3378 1168
634 3329 684 3375 661
702 3329 774 3376 totus
792 3322 825 3375 A.

194 3396 217 3463 1)
237 3397 302 3449 1502
470 3392 532 3444 lieet
548 3395 585 3443 sit
600 3389 672 3452 falsa
689 3393 832 3458 progenies
849 3394 910 3452 mei,

314 3467 431 3514 materna
448 3461 523 3528 eulpa
540 3463 626 3513 cesset
643 3461 669 3511 et
686 3459 780 3510 crimen
798 3457 866 3510 lovis

314 3533 403 3581 morai
417 3535 564 3596 parantem.

193 3601 215 3668 ⁴)
236 3601 300 3652 1716
622 3595 688 3646 laea
704 3600 845 3660 postquam
863 3593 955 3658 edidit,

313 3680 424 3717 noverea
441 3670 528 3717 cernat
545 3678 597 3731 qno
616 3663 695 3714 leram
712 3661 828 3713 flammas
844 3660 922 3713 modo

311 3735 434 3796 flammat
450 3737 585 3800 poposcit

109 3820 134 3855 v.
156 3807 218 3858 1716
237 3804 288 3854 tac
303 3808 418 3870 postque
435 3800 544 3853 addidit
561 3798 593 3850 A.

568 3985 721 3996 *ι-
