2580 4366
164 195 204 258 96
355 181 358 187 ’
546 213 574 254 ι.
598 211 702 255 huntur
724 211 851 255 suuuosu

163 365 228 426 sine
250 364 374 425 erimine
396 363 473 423 exui.
518 381 556 423 ne
579 362 650 441 quid
673 383 689 424 e
711 363 777 424 fatis
800 362 852 423 tihi

164 450 262 510 desset
283 447 424 528 paternis,
446 449 504 508 hoo
526 465 646 526 quoque
668 467 704 509 ex
725 447 783 508 iilis
806 448 906 525 hahes,
937 478 940 482 ·

163 551 277 596 errasse
300 533 443 594 thalamis.
488 545 555 594 nate
577 541 645 612 post
666 533 775 594 multos
797 532 868 594 mihi

164 618 287 681 remisse
308 619 398 694 soles,
421 625 489 680 nate
511 637 673 698 suspensae
695 627 793 679 metus

157 705 193 766 ‘et
214 722 283 782 spes
306 703 447 784 parentis,
471 704 556 764 ouius
577 712 730 783 aspectum
757 703 829 764 deos

164 806 282 868 semper
305 787 414 867 rogavi,
438 806 505 849 oum
528 798 598 851 tuus
621 788 732 849 reditus
755 787 827 849 mihi

165 880 280 935 tantum
303 882 380 935 esset
403 881 570 953 erepturus,
593 873 718 934 adventu
740 881 792 934 tuo

165 967 308 1037 quantum
332 958 469 1020 daturus:
495 959 623 1037 ‘quando
646 976 701 1038 pro
724 966 753 1019 to
775 957 916 1019 desinam'

164 1044 223 1105 dixi
246 1041 391 1105 ‘timeret‘
414 1043 486 1105 dixit
507 1043 640 1105 inridens
663 1043 750 1104 deus:

164 1127 272 1208 ‘ipsum
294 1127 431 1190 timebis!
476 1146 584 1208 nempe
606 1128 663 1189 nisi
686 1124 796 1189 bellum
819 1129 905 1204 foret,

164 1231 218 1293 ego
241 1221 271 1274 te
294 1231 441 1288 carerem3
464 1232 572 1291 nempe
595 1213 675 1276 situ
698 1232 759 1274 non
773 1213 874 1288 fores,

164 1297 241 1359 hello
264 1316 405 1360 carerem.
450 1318 476 1372 a,
498 1298 583 1360 triste
606 1307 783 1377 conspectus
807 1298 891 1359 datur
950 1369 953 1374 ¹

164 1382 292 1463 pretium
315 1383 357 1444 tui
382 1383 559 1461 durumque,
583 1384 634 1443 sed
656 1383 741 1445 matri
764 1382 868 1462 placet.

163 1468 235 1528 hino
256 1468 343 1528 modo
366 1467 508 1530 recedant
529 1486 618 1544 arma,
642 1467 711 1528 dum
734 1467 848 1528 nullum
872 1467 955 1529 nefas

163 1553 242 1614 Mars
264 1571 366 1614 saevus
388 1552 491 1614 audet:
514 1553 572 1613 hoo
594 1570 714 1632 quoque
737 1561 781 1614 est
801 1570 941 1631 magnum
964 1554 1056 1629 nefas,

164 1647 224 1700 tam
247 1657 341 1718 prope
364 1637 465 1699 fuisse.
511 1645 616 1717 stupeo
640 1647 669 1699 et
691 1637 832 1717 exanguis
855 1645 961 1713 tremo,

166 1741 234 1784 oum
256 1731 334 1784 stare
356 1724 461 1785 fratres
482 1722 554 1783 hino
576 1730 605 1783 et
627 1723 699 1782 hino
720 1722 803 1783 video
827 1722 903 1784 duos

164 1808 285 1869 sceleris
308 1808 363 1868 sub
387 1808 457 1869 iotu.
502 1807 634 1868 membra
657 1819 834 1886 quassantur
855 1815 953 1869 metu:

164 1911 252 1972 quam
275 1911 371 1973 paene
392 1900 487 1953 mater
507 1893 602 1952 maius
624 1892 724 1971 aspexi
748 1892 841 1968 nefas,

165 1996 252 2057 quam
276 1977 356 2057 quod
377 1977 468 2039 miser
490 1977 588 2038 videre
611 1996 672 2037 non
696 1978 793 2055 potuit
814 1986 907 2057 pater.

164 2062 234 2124 lieet
254 2062 360 2123 timore
382 2063 522 2123 facinoris
544 2062 616 2123 tanti
640 2080 739 2123 vacem

164 2147 337 2225 videamque
360 2146 482 2207 iam·nil
505 2146 572 2222 tale,
596 2165 661 2207 sum
685 2147 785 2208 infelix
808 2154 906 2207 tamen

164 2233 243 2310 quod
267 2251 361 2311 paene
383 2231 450 2292 vidi.
495 2250 549 2311 per
572 2232 672 2292 deoem
695 2249 831 2293 mensum
854 2249 955 2310 graves

164 2315 242 2377 uteri
264 2316 380 2377 lahores
402 2335 516 2396 perque
538 2317 676 2396 pietatem
700 2316 817 2378 inolitae

165 2419 273 2480 preoor
295 2402 406 2462 sororis
429 2407 459 2462 et
480 2418 534 2480 per
557 2401 623 2463 irati
645 2401 701 2462 sibi

165 2501 256 2562 genas
277 2487 420 2566 parentis,
443 2485 554 2547 sceiere
577 2505 650 2565 quas
672 2485 754 2547 nulio
777 2503 899 2561 nocens,

165 2570 275 2630 erroris
297 2590 313 2632 a
335 2589 367 2631 se
391 2571 452 2632 dira
476 2571 621 2651 supplicia
648 2571 777 2651 exigens,

164 2655 276 2716 hausit:
299 2655 441 2717 nefandas
463 2656 620 2717 moenibus
643 2656 745 2735 patriis
767 2656 846 2717 faces

164 2749 271 2815 averte,
295 2740 378 2820 signa
401 2739 499 2802 hellini
521 2748 600 2802 retro
624 2741 749 2820 agminis

165 2825 250 2886 flente
272 2859 314 2869 -
336 2835 369 2886 ut
392 2826 522 2903 recedas,
545 2843 650 2904 magna
673 2844 741 2905 pars
763 2824 884 2886 soeieris
906 2833 1024 2887 tamen·

164 2910 253 2971 vostri
275 2920 394 2989 peraeta
416 2921 473 2972 est:
496 2910 568 2972 vidit
589 2911 688 2971 hostili
711 2929 800 2989 grege

167 3013 286 3074 campos
307 2995 417 3074 repleri
439 2996 543 3075 patria,
566 2995 713 3073 fulgentes
737 2995 842 3074 procul

165 3082 255 3141 armis
278 3088 407 3141 catervas
429 3079 509 3156 vidit,
533 3081 665 3159 equitatu
687 3081 743 3141 levi

166 3162 289 3226 Cadmea
311 3165 407 3242 frangi
430 3172 514 3244 prata
537 3174 565 3227 et
587 3167 719 3226 excelsos
741 3165 815 3227 rotis

164 3250 287 3311 volitare
309 3267 459 3331 proceres,
483 3250 552 3328 igne
573 3250 731 3329 flagrantes
753 3250 851 3312 trabes

165 3335 289 3412 fumare,
312 3333 405 3396 cineri
429 3353 503 3413 quae
525 3342 632 3413 petunt
654 3344 769 3397 nostras
792 3335 906 3412 domos,

165 3421 332 3499 fratresque
353 3419 481 3498 (facinus
504 3421 583 3499 quod
606 3439 715 3482 novum
739 3428 768 3481 et
789 3420 898 3482 Thebis
920 3418 987 3494 fuit)

166 3505 197 3565 in
221 3524 253 3567 se
274 3512 413 3567 ruentes:
437 3511 519 3566 totus
539 3505 599 3567 hoe
622 3505 789 3591 exercitus
1194 3511 1242 3562 550

167 3653 371 3666 -d——nn

251 3740 300 3792 513
320 3738 407 3804 nequit
425 3738 456 3791 de
473 3739 499 3790 ff
568 3741 616 3792 515
636 3744 695 3792 nate
712 3739 948 3806 p.1n.1n.r.soles
966 3737 1052 3791 omli
1122 3739 1173 3790 516
1191 3735 1241 3788 sol·

165 3803 251 3856 licitae
275 3809 357 3858 metus
375 3807 401 3857 A
486 3809 536 3859 518
560 3808 688 3874 serperff
775 3809 825 3860 524
847 3821 958 3860 carerem
980 3807 1052 3859 triste
1070 3803 1095 3854 A
1130 3818 1240 3858 caruem

166 3873 246 3941 patris
264 3878 289 3925 te
308 3873 331 3924 11
350 3878 470 3926 corrosit
488 3876 509 3927 f.
530 3873 681 3926 Gronovius
749 3877 798 3928 519
817 3880 843 3927 et
861 3880 986 3928 omissum
1005 3872 1066 3926 add.
1085 3874 1101 3924 1
1117 3889 1151 3926 m.
1170 3887 1240 3926 eom·

159 3941 263 4009 pendia
280 3957 335 3994 non
352 3942 432 3994 solito
449 3942 475 3994 u
544 3945 593 3996 536
613 3944 708 4010 pietate
725 3943 826 3996 inolitas
844 3944 869 3995 A
938 3947 986 3998 531
1007 3955 1106 3995 sorores
1124 3942 1151 3993 A
