2580 4366
463 165 501 207 un
522 165 650 208 nnncvcn
673 164 796 207 occano.
1124 150 1162 212 71

59 384 61 389 ,
120 310 177 376 lidae
198 313 369 377 imitationis
396 313 513 376 nullum
542 314 574 378 in
601 314 656 376 hac
678 333 784 376 scaena
805 315 961 392 vestigium
982 316 1165 396 deprehendi

119 415 195 478 neque
220 400 306 461 istam
334 399 366 461 in
396 399 552 460 sententiis
580 399 764 461 inveniendis
787 409 816 461 et
837 400 1011 479 eloquendis
1032 400 1165 462 verbisvc

114 481 255 563 deligendis
277 482 517 546 imbecillitatem.
548 503 619 563 ergo
637 486 717 564 quod
732 484 881 562 singulare
896 504 990 546 unum
1005 485 1165 547 alterumve

112 564 232 649 loquendi
255 587 352 648 genus
374 568 505 644 offendit,
528 569 559 629 id
581 588 616 630 eo
639 569 780 631 libentius
802 569 1030 649 patiamurque
1053 570 1163 634 certius

109 651 253 733 inpuris
282 652 431 731 tragoedia
456 655 519 714 eius
542 654 621 715 modi
643 654 785 733 quaedam
807 653 947 731 indagare
969 655 1075 734 possis.
1120 655 1163 716 sic

108 737 138 799 in
152 737 277 801 Phaedra
298 737 407 817 legitur
428 737 527 800 nullus
548 739 592 801 llis
612 743 682 801 ouri
701 740 761 818 fuit
775 758 871 801 coecus
885 741 986 818 cupido
1004 758 1087 801 more
1101 738 1163 800 Ho-

106 824 204 885 miano
225 824 324 902 (528),
346 821 454 883 ibidem
473 825 535 887 862
546 834 701 904 properato
717 836 757 885 est
772 842 859 905 cpus;
882 825 913 883 in
929 823 1031 884 Medea
1044 828 1163 904 sanguis

103 908 232 986 producta
261 907 366 969 ultima
391 909 494 982 (775);
524 908 555 969 in
577 907 705 970 Hercule
727 908 828 988 priore
848 908 981 969 trimeter
1002 926 1069 969 cum
1091 927 1162 970 ana-

105 993 226 1070 paesticis
255 993 288 1054 in
318 993 377 1054 line
405 993 511 1054 cantici
540 993 717 1055 coniunctus
744 995 831 1070 (204)
861 1002 890 1054 et
911 1012 987 1072 quae
1017 993 1080 1054 eius
1110 1011 1161 1071 ge·

106 1076 172 1139 neris
191 1085 272 1139 sunt.
920 1121 929 1135 .

176 1180 236 1223 non
259 1161 376 1242 primus
397 1179 464 1222 sum
485 1160 537 1240 qui
560 1161 694 1240 suspicer
716 1162 784 1240 plus
800 1179 888 1221 unam
903 1180 1025 1222 monum
1039 1163 1070 1223 in
1086 1160 1162 1223 Her·

108 1245 160 1307 culs
174 1247 282 1309 Oetaeo
297 1246 502 1326 componenda
518 1255 690 1325 occupatam
703 1247 805 1307 luisse.
829 1246 940 1324 quippe
951 1246 1162 1308 Habruckerus

107 1340 202 1406 maest.
223 1331 378 1393 Annacan.
401 1349 431 1409 p.
454 1333 492 1392 47
517 1349 563 1410 sq.
586 1329 713 1392 coniecit
735 1329 849 1390 tabulae
871 1330 990 1392 initium
1010 1333 1161 1406 (1-232)

108 1417 229 1478 etlnem
251 1417 346 1490 (1691
368 1417 424 1494 sq.)
447 1415 482 1475 ab
505 1414 562 1478 alio
585 1416 712 1494 quodam
734 1415 828 1476 solido
851 1415 982 1476 Senecae
1003 1417 1088 1495 operi
1110 1415 1161 1476 ad·

107 1508 159 1563 suta
183 1519 256 1562 esse.
301 1499 426 1560 honoris
454 1518 543 1561 causa
570 1499 652 1561 illum
684 1500 805 1561 nomino
836 1509 865 1562 et
892 1507 926 1560 ut
947 1500 1024 1574 hanc
1045 1500 1162 1562 laudem

109 1581 258 1646 incolumen
281 1584 399 1646 habeat.
429 1602 556 1663 namque
579 1592 750 1663 argumenta
773 1603 849 1664 quae
868 1585 992 1664 protulit
1007 1604 1068 1646 non
1084 1585 1162 1647 mul·

108 1673 157 1730 tm
175 1669 271 1731 valent
292 1687 349 1731 nec
364 1668 569 1732 difficultatum
585 1688 658 1748 quas
674 1669 765 1731 etalii
781 1677 810 1730 et
825 1687 880 1730 nos
896 1670 1087 1749 cognovimus
1103 1670 1163 1731 ulla

110 1755 258 1817 coiectura
280 1753 337 1816 ista
352 1753 535 1828 eliminatur;
557 1754 647 1815 finem
662 1772 731 1814 vero
746 1753 912 1831 tragoediae
927 1754 1012 1833 ponit
1026 1773 1085 1833 quo
1102 1762 1162 1815 ter·

108 1835 196 1901 nnari
208 1838 333 1901 omnino
349 1838 463 1917 nequit,
474 1838 503 1899 id
519 1838 600 1919 quod
614 1847 644 1899 et
657 1839 756 1918 ipsum
771 1838 826 1899 iam
843 1856 1056 1900 concessurum
1071 1847 1161 1918 puto;

111 1918 227 2003 bunne,
248 1923 330 2004 quod
354 1941 502 1985 summum
524 1931 579 1998 est,
601 1924 759 2002 pessimam
781 1932 895 2002 partem
916 1922 1052 2001 vitiisque
1067 1924 1161 1984 reler-

111 2008 294 2071 cnSeneoee
317 2008 468 2088 relinquit,
495 2026 555 2087 quo
578 2008 666 2087 digna
688 2009 776 2069 habet
797 2006 933 2068 Herculis
954 2007 1090 2084 lamenta,
1113 2007 1160 2068 in·

112 2086 207 2168 dignam
221 2094 382 2155 Alcmenae
400 2093 435 2154 de
451 2093 512 2154 nati
526 2091 660 2172 reliquiis
675 2092 930 2154 declamationem:
954 2110 1030 2171 quae
1047 2093 1083 2153 ab
1098 2111 1160 2154 uno

113 2175 252 2258 colemque
274 2178 408 2258 prolecta
430 2196 495 2238 esse
516 2178 620 2256 quovis
642 2178 768 2257 pignore
789 2177 977 2238 adfirmarim.

177 2263 262 2325 nobis
290 2263 317 2324 si
339 2262 449 2323 certius
470 2261 580 2340 aliquid
604 2263 784 2323 constituere
807 2262 942 2323 volumus
967 2269 1035 2323 ante
1061 2261 1161 2323 omnia

111 2340 246 2411 nundum
268 2348 326 2410 erit
348 2346 425 2408 sitne
440 2347 587 2426 tragoedia
604 2367 679 2427 qnae
694 2348 725 2408 in
740 2346 890 2408 codicibus
905 2349 1000 2408 lertur
1015 2347 1054 2407 ita
1069 2346 1160 2427 parti·

111 2419 155 2490 bus
172 2433 229 2495 suis
251 2433 331 2494 inter
353 2451 385 2492 se
408 2433 568 2493 cohaerens
589 2451 625 2492 ac
639 2442 697 2496 tam
712 2433 860 2493 constanti
875 2431 998 2493 consilio
1014 2430 1161 2493 elaborata

111 2516 138 2569 111
158 2516 188 2577 ab
214 2536 276 2579 uno
299 2524 386 2596 poeta
407 2535 469 2577 uno
491 2525 594 2578 tenore
615 2517 777 2596 composita
800 2536 865 2578 esse
887 2516 991 2577 merito
1014 2517 1160 2577 credatur.

177 2609 261 2681 atque
276 2602 313 2663 de
329 2601 500 2662 oeconomia
515 2601 634 2680 quidem
648 2601 814 2681 tragoediae
830 2620 933 2662 omnes
952 2601 1158 2674 consentiunt;

112 2674 141 2739 ‘le
161 2686 287 2748 moribus
317 2704 406 2747 nemo
436 2686 600 2765 disputarit.
651 2706 707 2748 nec
735 2687 842 2748 mirum
871 2694 925 2761 est,
953 2685 1033 2764 quod
1067 2705 1104 2746 ne
1127 2685 1159 2745 in

112 2769 209 2842 epomis
231 2771 351 2850 quidem
374 2771 468 2851 poetis
490 2770 577 2851 vulgo
600 2771 662 2833 fieri
685 2771 760 2833 solet
781 2771 812 2831 in
828 2790 863 2834 eo
880 2771 996 2850 neglegi
1012 2769 1063 2849 qui
1080 2769 1160 2848 quod

113 2844 196 2917 Graeci
215 2841 304 2941 ἦθος
325 2866 431 2917 vocant
451 2874 545 2934 paene
568 2857 693 2934 ignorat.
730 2856 871 2917 describit
893 2856 1014 2917 Seneca.
1028 2854 1100 2915 uam
1122 2854 1160 2915 ti·

112 2945 203 3001 morem
230 2959 362 3003 amorem
391 2941 502 3005 luctum
527 2941 617 3003 etita
640 2941 758 3021 quidem
781 2948 918 3021 provecta
940 2949 969 3001 et
991 2947 1161 3019 exaggerata

114 3026 139 3077 11
153 3026 246 3104 angeri
267 3033 428 3104 nequeant.
458 3024 537 3105 quod
559 3026 595 3086 ad
618 3045 716 3087 mores
738 3026 842 3088 attinet
856 3044 1001 3105 personae
1016 3024 1095 3085 illius
1111 3031 1161 3086 aut

114 3105 185 3170 mue
204 3118 255 3171 aut
275 3110 372 3172 bonae
393 3116 477 3171 sunt:
500 3129 557 3171 nec
578 3111 691 3173 medios
713 3129 812 3172 mores
834 3111 914 3172 novit
929 3128 985 3171 nec
1000 3111 1160 3170 inmutatos

116 3193 202 3255 cuin
230 3203 260 3257 et
288 3203 447 3256 eventuum
475 3196 648 3258 necessitate
678 3197 803 3276 quadarn
828 3196 906 3257 inter
932 3194 1102 3273 patiendum
1132 3198 1162 3251 et

117 3277 238 3349 cendum
260 3280 469 3341 conformatos.
514 3288 545 3340 at
566 3280 716 3345 crudelem
735 3284 821 3344 Atrea
843 3281 978 3341 dolosum
993 3277 1098 3340 Ulixen
1113 3276 1160 3338 in-

118 3350 185 3449 llum
203 3363 307 3425 lasona
331 3372 443 3424 castum
466 3363 658 3444 Hippolytum
682 3385 719 3428 ne
741 3367 819 3445 apud
841 3365 924 3426 illum
945 3362 1064 3442 quidem
1090 3379 1160 3441 pro-

118 3444 179 3507 lum
195 3449 316 3511 eradere
329 3448 428 3523 rideas
442 3458 612 3511 mansuetos
625 3451 775 3531 simplices
793 3456 962 3511 constantes
976 3447 1160 3508 libidinosos.

181 3531 210 3593 in
231 3533 361 3597 Hercule
383 3533 490 3596 Oetaeo
514 3535 624 3614 primas
646 3536 714 3599 dum
737 3535 806 3596 vivit
820 3533 956 3596 Deianira
977 3540 1076 3613 partes
1091 3532 1160 3611 agit.

121 3621 159 3703 1111
175 3618 313 3681 nutricem
336 3619 535 3697 comperimus
556 3620 676 3681 domum
698 3620 823 3681 intrasse
840 3638 909 3680 cum
925 3617 1045 3698 captivis
1059 3616 1160 3692 lolen;

123 3687 178 3793 lna·
187 3700 349 3765 Deianiram
371 3703 472 3765 dolore
493 3704 581 3784 plane
602 3706 714 3767 furioso
730 3713 895 3784 correptam
912 3723 986 3767 esse.
1015 3700 1161 3780 inrumpit

125 3771 215 3849 bnma
234 3799 263 3851 et
283 3788 428 3867 quidquid
450 3788 523 3850 irata
544 3789 650 3851 mulier
673 3790 825 3851 effundere
846 3797 945 3869 potest
967 3788 1091 3848 confuso
1108 3803 1161 3846 ore

127 3854 248 3948 leolam
270 3872 400 3954 pessima
410 3890 546 3952 quaeque
561 3875 681 3953 coniugi
695 3875 886 3954 imprecatur,
901 3872 977 3935 lovis
992 3880 1021 3933 at
1035 3869 1161 3932 lunonis
