2602 4380
489 224 633 267 uuncvtns
656 209 785 284 [nunnus]
879 194 883 203 ¹

95 376 215 437 fortuna
237 376 348 436 dextra.
414 395 493 435 ruas.
539 376 615 437 Sunt
637 376 755 455 quidem
778 378 890 457 patriae
912 397 1016 458 preces

96 462 165 521 satis
188 461 339 535 efficaces,
362 460 413 521 sed
435 469 533 522 tamen
555 470 659 543 postro
682 480 801 542 quoque

95 563 212 606 movere
234 546 315 606 fletu.
361 562 450 623 surge
473 556 502 607 et
523 545 642 606 adversa
665 547 777 626 impetn

95 631 247 710 perfringe
270 630 367 692 solito.
412 648 495 691 nunc
516 640 602 691 tuum
623 631 698 692 nulli
720 632 862 711 imparem

95 716 226 777 animum
249 717 326 777 malo
349 734 479 789 resume,
503 734 585 777 nunc
607 734 712 794 magna
735 717 788 778 tibi

95 801 202 861 virtute
225 801 372 880 agendum
395 810 454 862 est:
490 800 647 862 Herculem
671 800 758 862 irasci
779 814 852 864 veta.

95 904 179 946 usne.
225 886 257 947 Si
280 887 358 959 vivo,
381 886 438 947 leci
461 887 587 960 scelera3
617 886 642 946 si
665 887 792 962 morior,
815 888 879 949 tuli.

95 990 224 1051 purgare
246 981 339 1032 terras
362 989 491 1051 propero
513 1005 556 1016 -
578 971 747 1032 iamdudum
770 973 843 1034 mihi

97 1067 262 1117 monstrum
285 1056 409 1136 impium
431 1074 609 1136 saevumque
633 1067 662 1118 et
683 1058 795 1119 immite
817 1076 850 1119 ac
873 1059 967 1120 ferum
1112 1070 1169 1123 1281

98 1142 229 1202 oberrat:
261 1142 386 1221 agedum
409 1142 525 1217 dextra,
549 1160 657 1203 conare
679 1143 799 1221 aggredi

97 1226 201 1304 ingens
224 1245 310 1306 opus,
334 1226 434 1287 labore
456 1227 501 1288 his
528 1245 601 1288 seno
624 1228 760 1307 amplius.

96 1311 199 1390 ignava
222 1330 335 1387 cessas,
358 1313 443 1372 lortis
466 1312 496 1372 in
520 1330 630 1392 pueros
652 1314 739 1374 modo

97 1396 272 1476 pavidasque
294 1394 425 1457 matresl
469 1415 550 1458 arma
573 1397 630 1458 nisi
653 1398 760 1459 dantur
781 1397 862 1470 mihi,

96 1491 146 1541 aut
169 1501 257 1543 omne
280 1481 366 1543 Pindi
387 1481 510 1543 Thracis
533 1483 663 1543 excidam
685 1501 792 1544 nemus

96 1567 263 1646 Bacchique
285 1567 369 1628 lucos
392 1576 420 1627 et
443 1565 628 1628 Cithaeronis
649 1567 718 1649 iuga

96 1670 213 1712 mecum
236 1653 388 1725 cremabo,
411 1663 462 1713 aut
483 1662 544 1713 tota
566 1671 634 1713 cum
657 1652 793 1714 domibus
815 1653 877 1714 suis

97 1737 283 1816 dominisque
305 1746 398 1812 tecta,
422 1755 489 1797 eum
514 1737 576 1798 deis
597 1738 707 1817 templa
729 1738 867 1799 omnibus

96 1820 235 1883 Thebana
257 1841 348 1902 supra
370 1840 480 1901 corpus
502 1822 646 1902 excipiam
668 1841 766 1884 meum

97 1915 184 1985 atque
207 1908 281 1970 urhe
303 1926 386 1969 versa
409 1907 536 1983 condar,
560 1917 604 1981 et,
628 1907 652 1968 si
675 1907 802 1969 sortibus
899 1964 902 1969 .

96 1992 159 2052 leve
181 1994 299 2072 pondus
322 1992 434 2053 umeris
455 1992 572 2054 moenia
594 1992 724 2053 immissa
751 1991 882 2053 incident

96 2085 271 2156 septemque
294 2086 416 2157 opertus
439 2096 500 2138 uon
523 2078 593 2138 satis
615 2078 710 2158 portis
734 2094 859 2156 premar,

96 2180 174 2223 onus
196 2182 285 2224 omne
306 2162 401 2223 media
423 2174 506 2241 parte
529 2163 609 2243 quod
632 2163 736 2223 muudi
757 2163 841 2224 sedet

97 2246 267 2327 dirimitque
289 2266 431 2326 superos,
455 2247 485 2308 in
507 2248 606 2310 meum
629 2256 739 2310 vertam
763 2257 860 2327 caput.

97 2351 182 2392 nuru.
227 2333 327 2394 Reddo
350 2351 493 2393 arma-
557 2353 641 2395 nnnc.
679 2332 740 2394 Vox
763 2343 808 2394 est
829 2333 917 2413 digna
941 2331 1074 2412 genitore
1097 2329 1171 2391 flora

680 2419 764 2480 culis.
1114 2422 1171 2476 1288

96 2502 154 2560 hoc
177 2519 214 2561 en
236 2514 409 2582 peremptus
431 2503 547 2582 spiculo
570 2503 676 2565 cecidit
697 2522 774 2584 puer
797 2536 835 2548 -

97 2605 182 2646 auru.
228 2585 292 2648 Hoc
313 2587 388 2648 luno
410 2588 502 2649 telum
524 2589 662 2650 manibus
684 2589 806 2650 immisit
826 2588 894 2650 tuis.
923 2626 926 2633 ·

97 2690 180 2731 usne.
218 2671 282 2733 Hoc
304 2691 385 2734 nunc
408 2692 463 2753 ego
479 2682 554 2734 utar.
613 2693 698 2735 nura.
737 2674 814 2736 Ecce
832 2692 921 2753 quam
935 2671 1075 2733 miserum
1090 2682 1172 2733 metu

98 2774 150 2815 cor
171 2757 295 2836 palpitat
317 2768 481 2838 pectusque
502 2759 661 2822 sollicitum
674 2760 761 2820 terit.

97 2860 181 2900 nunc.
210 2844 315 2921 Aptata
330 2844 465 2904 harundo
481 2852 534 2904 est.
585 2862 671 2904 curn.
701 2845 779 2905 Ecce
795 2843 851 2904 iam
866 2842 956 2904 facies
970 2841 1067 2904 scelus
1116 2851 1172 2902 1300

98 2925 198 2987 volens
220 2927 387 3006 sciensque.
452 2947 536 2989 aune.
580 2928 696 3005 Pande,
719 2929 789 3009 quid
812 2929 875 2990 fieri
898 2925 1004 2988 iubes?

97 3029 182 3071 nuru.
226 3012 306 3072 Nihil
328 3030 481 3092 rogamus:
512 3023 616 3076 noster
635 3014 668 3075 in
688 3024 754 3076 tuto
777 3023 822 3075 est
845 3013 938 3074 dolor.
1042 3051 1045 3057 -

99 3104 199 3157 natum
221 3107 306 3176 potes
328 3117 444 3159 servare
465 3107 498 3160 tu
521 3099 603 3160 solus
624 3100 707 3176 mihi,

185 3283 250 3333 1212
267 3281 381 3332 fortuna:
401 3297 433 3333 nn
452 3282 514 3334 add.
530 3282 629 3336 amu
700 3285 765 3336 1214
782 3282 900 3333 moveare
918 3284 938 3346 ς
1001 3282 1065 3333 1278
1083 3280 1129 3332 reti
1146 3280 1171 3332 lt

100 3350 165 3401 1288
183 3354 209 3400 et
227 3365 277 3401 cm.
291 3350 324 3400 Ε.
341 3379 375 3388 -
393 3350 501 3402 immitte
518 3351 542 3401 ld
606 3354 669 3404 1288
687 3351 780 3418 ignave
798 3349 875 3401 codd.
892 3352 1014 3400 conenit
1030 3349 1084 3399 Iac.
1105 3347 1173 3400 Gro-

97 3420 192 3467 novius
273 3420 338 3470 1284
356 3417 526 3484 pavidamque
545 3423 650 3470 matrem
669 3419 700 3469 Ε.
718 3447 752 3457 -
770 3418 862 3470 dentur
878 3418 904 3466 A
974 3418 1038 3468 1281
1058 3424 1171 3470 autom.

97 3484 147 3534 EA
165 3485 264 3550 (ιαὼς
327 3487 392 3539 1288
411 3496 500 3537 eversa
518 3487 542 3536 Ε
608 3489 672 3540 1293
691 3502 742 3554 qua
759 3486 868 3537 mundns
885 3486 911 3534 A
947 3489 1035 3552 quog
1108 3487 1171 3537 1281

96 3552 174 3604 redde
192 3554 223 3603 A.
242 3553 370 3606 --redde
389 3568 412 3605 a.
431 3554 548 3620 Hermcli,
565 3570 616 3606 vox
632 3572 653 3606 ο.
672 3572 696 3619 q.
715 3571 736 3608 e.
755 3555 950 3620 Amphitryone·
967 3552 1068 3604 dantur
1086 3553 1118 3606 A.
1137 3581 1169 3592 -

97 3620 231 3687 dignatore
249 3621 359 3674 herculis
378 3625 442 3689 (om.
460 3623 529 3688 geni)
547 3622 572 3672 Ε
659 3625 732 3675 1286.
753 3624 816 3674 1281
836 3622 1031 3688 Amphitryona·
1048 3625 1170 3672 continu·

98 3694 181 3740 antur
198 3690 222 3741 A
300 3693 363 3743 1281
384 3690 468 3742 emisit
485 3693 510 3742 A
585 3692 650 3743 1288
669 3690 813 3757 corpusque
831 3688 906 3740 codd.
929 3693 1050 3740 conenit
1069 3689 1172 3742 Grono-

97 3761 155 3807 cius
174 3757 208 3818 cf.
219 3758 241 3821 Ι,
251 3757 284 3809 22
354 3762 421 3812 1300
439 3764 510 3810 totam
527 3760 720 3826 Amphitryone·
737 3760 913 3809 continuatur
930 3759 955 3807 A
1026 3760 1087 3811 1801
1110 3760 1173 3808 Am·

96 3825 241 3892 philoponi
263 3832 347 3877 totum
365 3832 524 3879 mntinuant
542 3826 617 3880 codd.
636 3830 756 3879 conenit
772 3824 931 3890 llutgorm’us
947 3825 991 3891 (V.
1009 3826 1038 3878 L.
1056 3843 1082 3893 p.
1101 3827 1172 3887 495).

97 3893 218 4012 -lqplod
236 3898 262 3958 ς.
280 3922 314 3933 -
331 3895 444 3949 iubete:
463 3911 475 3948 s
495 3896 652 3962 corrigendi
669 3911 751 3948 eausa
770 3894 832 3947 add.
848 3897 862 3944 1
872 3908 906 3945 m.
927 3892 951 3967 dl
1022 3897 1086 3948 1382
1104 3895 1170 3945 Ilar-

98 3965 154 4011 cui
190 3967 289 4028 acuas
1124 3974 1127 3979 '
