2580 4366
63 224 67 331 p
479 210 517 253 nn
537 210 634 254 nonen
653 211 750 254 nunno.
1108 201 1150 263 43

63 368 66 417 t
115 361 183 437 potuit
200 359 337 440 quoniam
360 377 564 439 quaecumque
585 361 650 423 eius
671 381 761 423 manu
783 362 892 443 scripta
908 363 939 426 in
955 362 1151 427 bibliothecae

63 442 65 503 ἓ
114 443 224 508 thesauris
245 452 347 506 extant
368 443 574 524 calligraphice
592 454 705 508 exarata
721 457 800 523 sunt,
823 449 937 509 cursivo
954 449 1102 526 scriptura
1117 459 1151 512 ut

112 529 198 592 uotulue
223 531 296 592 istae
322 529 408 590 nihil.
453 540 486 590 nt
513 537 546 590 ut
574 540 618 592 est
646 531 715 592 satis
743 550 794 593 eae
823 532 965 594 momenti
986 533 1151 594 habentui

111 631 190 691 ponus
208 615 309 676 saltem
325 613 519 693 proposuisse
534 616 783 694 operaepretium
798 616 898 678 fuerit.
928 635 962 678 ac
977 637 1015 678 ne
1031 635 1149 679 omnem

110 700 293 778 tragoediarum
309 717 445 777 campum
462 717 567 760 rursus
582 701 733 779 pervagari
749 700 917 778 debeamus,
928 703 1056 764 adieram
1072 720 1148 781 quae

109 783 264 862 udpuiorem
286 783 445 870 lienculem
468 793 497 844 et
518 783 768 861 Agamemnonem
791 785 841 847 ille
870 786 1032 861 adnotavit,
1061 805 1148 866 prae·

108 866 169 929 nuso
195 868 306 931 codicis
328 867 429 945 (Laui.
452 869 504 942 37,
536 871 587 942 ll)
616 869 777 948 scriptura,
808 871 942 931 subiecto
972 870 1148 933 correctoris

108 949 207 1027 intento,
229 953 343 1030 vulgata
367 952 495 1031 denique
516 952 643 1014 lectione
666 953 754 1015 uncis
774 954 897 1016 inclusa.

135 1036 169 1098 lli.
190 1040 230 1102 76
259 1037 441 1116 coopredcre,
468 1037 603 1098 monibus
631 1043 691 1100 ium
719 1039 813 1100 locere
840 1034 913 1124 tuis]
935 1058 973 1103 m.
996 1038 1148 1101 Herculem

108 1117 226 1197 dorcic.
248 1141 288 1183 m.
310 1126 373 1203 ipso
395 1126 455 1183 ium
475 1121 497 1182 l.
519 1122 564 1196 i).

165 1226 189 1269 v.
211 1210 250 1270 77
271 1208 343 1287 quid
361 1217 443 1268 tuoto
464 1207 585 1268 mundos
605 1203 709 1292 odini]
730 1212 817 1270 tacito
837 1211 931 1284 (necte
952 1207 1040 1284 cod).

164 1311 195 1355 e·
209 1294 250 1356 96
279 1292 416 1372 quidquid
441 1291 573 1353 relictum
594 1303 644 1354 est.
686 1292 735 1354 uel
755 1296 851 1355 ueniet
871 1293 950 1354 ultro
971 1304 998 1354 et
1019 1297 1147 1354 inuisum

109 1371 212 1461 scioli)
233 1375 350 1437 induxit
369 1374 419 1437 uel
439 1385 468 1436 et
488 1375 565 1438 ultro
589 1387 614 1438 et
636 1376 691 1452 (sic
712 1378 814 1450 recte).

110 1539 119 1615 (
165 1480 188 1522 v.
203 1462 415 1540 ntanoeor
435 1471 461 1522 et
477 1464 577 1540 primo
597 1455 767 1544 motimlci
783 1466 914 1541 primum
934 1461 981 1523 vel
996 1466 1082 1541 prior
1104 1462 1148 1522 sio

118 1547 240 1623 uppem).

165 1625 1145 1714 niliquisquerepempolulumurmentisdutumlsuiopee(recte).

164 1734 188 1776 u.
208 1717 271 1780 285
292 1715 437 1796 quendem
456 1715 552 1792 [scisti
587 1715 675 1792 fuisti
693 1717 836 1792 (stetistil

165 1819 188 1861 u.
209 1801 414 1880 neuportum
439 1797 538 1879 Tempe
571 1810 691 1878 patuere
714 1801 828 1876 (recte).

165 1903 188 1947 v.
208 1887 272 1949 298
291 1885 401 1946 reditus
421 1883 510 1945 lecim
530 1902 582 1946 nec
602 1888 661 1945 mei
679 1901 817 1945 moneres
845 1877 964 1966 meror]
985 1883 1146 1964 reditusque

110 1960 221 2032 lemen·
243 1973 424 2032 immemores
445 1988 470 2048 q.
492 1967 572 2050 (cod.
594 1975 696 2042 recte).

164 2074 187 2116 u.
208 2055 269 2119 323
293 2053 425 2133 Syrtium
446 2052 577 2114 brevibus
597 2047 699 2136 undis]
719 2053 801 2114 codes
827 2052 940 2127 (recte).

164 2158 188 2200 u.
207 2141 269 2204 333
290 2138 379 2200 odere
401 2140 488 2216 campie
508 2132 584 2221 solo]
606 2137 728 2199 includit
750 2136 865 2212 (oleri).

164 2243 187 2286 v.
208 2225 270 2288 344
292 2226 408 2285 semotus
429 2232 541 2284 tenetur
562 2216 652 2305 ends]
674 2230 772 2284 tuetur
790 2224 904 2299 (recte).

164 2327 188 2370 v.
208 2311 268 2373 397
291 2308 411 2386 opidum
433 2301 604 2390 effrenatas]
626 2307 759 2388 efferatus
782 2308 898 2383 (reste).

163 2411 186 2454 u.
207 2396 269 2458 436
291 2403 401 2472 seeptro
422 2409 531 2472 quoque
552 2402 651 2454 nostro
688 2391 971 2471 sceptrooeireote).

164 2496 187 2539 v.
208 2481 271 2542 446
288 2488 389 2558 portes
408 2495 486 2538 meae
506 2475 558 2538 ioue
579 2487 647 2538 aunt
684 2475 801 2537 induxit
819 2475 872 2536 luce
893 2475 948 2551 (sio
968 2474 1016 2552 ll).

163 2581 186 2626 v.
207 2565 268 2628 453
291 2581 375 2644 quem
397 2561 527 2641 prosopa
553 2572 647 2623 mater
674 2561 757 2622 tellus
784 2571 927 2622 monimo
950 2554 1040 2643 dedit]
1062 2557 1145 2621 tellus

107 2655 172 2708 oute
189 2651 276 2726 (emo
295 2657 391 2709 muter
411 2657 526 2709 monte
547 2646 655 2720 edidit).

163 2751 187 2794 v.
205 2735 267 2798 463
290 2749 490 2813 quemcumque
515 2736 651 2792 miserum
675 2731 781 2791 vidctis
808 2729 950 2792 hominem
978 2721 1065 2811 scios]
1087 2727 1146 2788 hoe

107 2809 245 2897 tdsetipsit:
273 2816 326 2878 iou
353 2819 483 2876 coemit
510 2813 565 2876 soli
592 2815 721 2888 Christe,
749 2832 867 2875 versum
895 2813 985 2892 igitur
1014 2812 1143 2874 Senecae

107 2892 152 2959 fldti
168 2902 373 2964 documentum
395 2898 508 2961 habuit.
602 2946 605 2953 .

164 3004 186 3047 v.
208 2991 266 3051 501
293 3003 351 3046 om.
374 2979 529 3068 quonium]
550 2989 619 3044 ante
641 2986 702 3048 505
721 3000 812 3044 cruce
825 2981 923 3044 addito
938 2980 1073 3060 scripsit:
1096 2982 1145 3042 de-

106 3061 146 3139 iot
160 3089 229 3135 uuus
248 3089 360 3134 vermo.
1043 3116 1046 3121 -

164 3173 188 3216 v.
208 3159 269 3221 506
291 3158 431 3233 cooperite
452 3151 539 3214 siloas
560 3152 663 3232 temple
685 3163 718 3214 ut
738 3151 912 3231 supplicibus
935 3153 995 3211 suis
1016 3159 1050 3211 ut
1068 3151 1145 3210 victo
1205 3211 1213 3227 ,

108 3231 213 3326 Meto]
234 3261 258 3303 ο.
271 3260 295 3303 ο.
311 3252 332 3301 t.
354 3237 526 3319 supplicibus
546 3241 608 3300 suis
627 3247 661 3299 ut
681 3241 779 3298 mocio
799 3237 825 3316 s.
847 3239 880 3312 (t.
894 3255 918 3296 s.
932 3254 956 3295 s.
978 3237 1081 3294 iniectu
1095 3232 1143 3309 fi).

165 3342 188 3385 u.
209 3327 270 3388 646
297 3328 432 3386 victorem
458 3327 612 3403 suspiciens
637 3322 692 3398 (sio
714 3339 782 3383 cum
805 3320 921 3393 Aldina)
942 3335 1016 3398 percu
1033 3312 1144 3403 posito]

109 3416 187 3484 ope
200 3430 225 3490 s·
248 3414 333 3489 oo·
347 3411 500 3488 mopsos
521 3408 573 3486 ot·

125 3500 127 3505 '
167 3510 190 3554 u.
209 3497 271 3559 840
292 3487 399 3576 comt]
421 3496 483 3553 ruit
505 3494 618 3568 (recte).
770 3510 772 3517 ’

167 3594 191 3638 t.
209 3580 271 3643 922
291 3581 408 3640 victima
428 3576 507 3639 laud
527 3576 590 3638 uilo
610 3568 736 3658 proiice]
751 3594 780 3635 o.
793 3571 856 3634 ulio
869 3581 922 3634 cut
934 3575 1046 3652 pratior
1061 3577 1101 3650 (v.
1114 3572 1143 3634 lu.

110 3661 278 3741 &caplim
426 3682 428 3687 ·
924 3675 931 3701 -“
1043 3701 1047 3709 ,

112 3749 474 3863 WRehdigeranns
501 3797 531 3847 to
555 3795 580 3844 et
597 3789 802 3844 Lobcoviciensis
819 3790 851 3842 de
886 3805 920 3842 uo
936 3787 1039 3856 proprio
1057 3786 1144 3840 libello

112 3844 281 3926 ¹fltlyrettulit:
299 3877 364 3930 qnos
376 3862 449 3916 vides
467 3859 627 3915 laurentiani
640 3860 681 3925 37,
696 3863 725 3912 tt
740 3863 784 3911 out
795 3806 918 3928 gemellos
930 3859 975 3908 unt
985 3855 1035 3907 alio
1051 3869 1146 3922 cogna-

113 3918 273 3984 toutonem
291 3930 411 3999 aequales
428 3944 498 3986 esse·
