2580 4366
146 194 205 258 180
525 214 553 254 n.
576 212 681 255 annau
702 212 830 256 sunnone

144 373 173 424 et
194 363 286 423 lervet
308 362 418 437 odium,
441 362 548 441 repetit
569 363 687 424 invitam
712 382 830 425 manum

143 447 262 527 antiqua
285 446 393 526 Erinys
414 480 456 490 —
478 447 531 522 ira,
554 466 611 526 qua
633 448 728 524 ducis,
750 467 869 528 sequor.

144 532 255 593 utinam
278 531 424 611 superbae
446 531 531 592 turba
554 533 723 594 Tantalidos
746 553 812 594 meo

143 617 250 678 exisset
271 625 356 677 utero
379 616 484 696 bisque
507 625 646 696 septenos
669 636 777 697 parens

144 712 228 763 natos
250 701 400 762 tulisseml
445 702 553 762 sterilis
576 703 606 762 in
629 721 740 782 poenas
762 703 805 763 lui
826 737 869 749 —

142 787 223 847 fratri
246 787 383 866 patrique
405 787 484 864 quod
506 796 551 847 sat
572 795 625 862 est,
648 788 750 867 peperi
774 790 858 850 duos.

228 871 361 943 Quonam
385 871 439 931 ista
459 872 555 933 tendit
576 873 663 933 turba
684 873 840 934 Furiarum
862 873 1032 956 impotens?
1095 891 1098 896 ·

143 974 231 1035 quem
255 957 440 1037 quaeritant
462 974 521 1034 quo
545 957 695 1018 flammeos
717 959 794 1019 ictus
817 970 908 1038 parat,

141 1051 192 1102 aut
214 1042 261 1102 cui
285 1049 422 1102 cruentas
444 1059 549 1119 agmen
572 1042 722 1103 infernum
747 1044 823 1104 laces

142 1124 287 1187 intentat?
332 1127 438 1205 ingens
461 1127 566 1204 anguis
589 1146 713 1188 excusso
736 1141 823 1190 sonat

140 1220 237 1272 tortus
259 1211 383 1289 flagello.
428 1229 515 1289 quem
539 1211 621 1273 trabe
644 1212 749 1274 infesta
773 1215 847 1292 petil

140 1293 296 1375 Megaera?
319 1330 361 1340 -
383 1296 468 1357 ouius
490 1296 594 1358 umbra
616 1297 757 1376 dispersis
780 1299 859 1359 venit
927 1328 930 1337 =

140 1381 254 1443 incerta
275 1378 437 1442 membris?
481 1380 573 1444 lrater
594 1391 647 1458 est,
670 1401 782 1461 poenas
804 1384 879 1463 petit
899 1417 941 1428 —-

141 1466 285 1542 dabimus,
308 1466 358 1527 sed
381 1484 493 1526 omnes.
537 1468 594 1544 lige
616 1466 780 1528 luminibus
801 1469 889 1544 laces,

139 1549 225 1624 lania,
248 1570 366 1631 perure,
390 1558 495 1630 pectus
518 1570 555 1611 en
579 1551 675 1612 Furiis
697 1560 787 1631 patet.

224 1637 381 1698 Discedere
403 1656 419 1696 a
441 1655 497 1711 me,
520 1636 620 1710 irater,
643 1637 765 1699 ultrices
787 1639 855 1699 deas

139 1739 302 1801 manesque
324 1721 360 1781 ad
382 1720 457 1781 imos
479 1721 522 1782 ire
545 1738 664 1783 securas
687 1721 771 1782 iube:

140 1807 211 1868 mihi
234 1825 281 1867 me
302 1807 438 1886 relinque
461 1816 489 1868 et
512 1813 596 1867 utere
618 1807 683 1881 bac,
705 1808 805 1881 frater,
828 1824 919 1867 manu

140 1910 215 1971 quae
237 1892 356 1954 strinxit
377 1909 479 1952 ensem
495 1925 543 1940 «-
564 1891 679 1952 victima
703 1909 804 1953 manes
824 1900 892 1952 tuos

139 1977 290 2057 placamus
312 1977 376 2037 isla.
442 1975 512 2055 quid
535 1994 644 2055 repens
666 1976 750 2038 affert
771 1975 886 2038 sonus?

140 2070 283 2141 parantur
304 2080 384 2122 arma
405 2080 513 2140 meque
535 2061 566 2121 in
590 2062 710 2122 exitium
733 2069 848 2142 petunt.

140 2147 252 2208 excelsa
276 2154 393 2207 nostrae
416 2154 493 2207 tecta
515 2147 711 2207 conscendam
735 2148 841 2208 domus

139 2231 228 2293 caede
251 2231 395 2292 incohata.
440 2248 531 2310 perge
553 2240 586 2291 tu
607 2249 724 2292 mecum
748 2250 856 2292 comes.

138 2324 222 2377 tuum
246 2335 365 2395 quoque
387 2317 450 2395 ipsa
472 2334 582 2395 corpus
605 2316 676 2377 hinc
697 2335 813 2377 mecum
836 2317 964 2377 avebam.

139 2419 222 2462 nunc
243 2402 300 2462 hoc
323 2418 385 2478 age,
408 2402 519 2461 anime:
544 2419 605 2461 non
628 2401 659 2462 in
682 2402 799 2462 occulto
822 2401 874 2462 tibi
898 2410 942 2463 est

138 2486 288 2565 perdenda
311 2486 419 2559 virtus;
442 2485 572 2565 approba
596 2487 708 2566 popnlo
730 2505 860 2548 manum.

485 2636 601 2698 lrlSON

224 2755 411 2834 Quicumque
433 2772 536 2832 regum
560 2755 691 2817 cladibus
713 2755 789 2815 lidus
812 2755 903 2831 doles,

139 2860 295 2914 concurre,
318 2848 351 2901 ut
372 2840 466 2919 ipsam
489 2840 610 2901 sceleris
633 2848 782 2901 auctorem
805 2840 917 2901 horridi

138 2928 298 3007 capiamus.
342 2926 411 2998 huc,
434 2925 494 2985 huc
516 2925 600 2986 fortis
622 2925 882 2986 armiferi'cohors

138 3013 272 3075 conferte
294 3011 361 3085 tela,
384 3009 487 3070 vertite
510 3029 545 3070 er
567 3011 626 3070 imo
650 3011 779 3071 domum.

137 3116 206 3158 uno.
251 3096 387 3156 iamiam
411 3095 510 3173 recepi
533 3105 649 3174 sceptra
673 3112 844 3174 germanum
868 3103 991 3175 patrem,

136 3181 325 3262 spoliumque
348 3178 447 3240 Colchi
470 3181 593 3258 pecudis
615 3188 732 3242 auratae
753 3186 872 3252 tenenl3

136 3268 251 3328 rediere
271 3283 374 3343 regna,
397 3272 478 3343 rapta
499 3263 652 3342 virginitas
674 3264 758 3326 redit.

73 3402 76 3407 ,
137 3351 290 3432 oplacida
311 3350 430 3411 tandem
453 3349 584 3426 numina,
607 3369 625 3410 o
647 3350 754 3411 festum
777 3349 864 3424 diem,

137 3435 355 3517 onuptialeml
401 3434 480 3510 vade,
504 3434 667 3514 perlectum
691 3443 735 3496 est
756 3433 870 3508 scelus3

220 3672 270 3722 952
288 3669 397 3720 invisam
415 3670 490 3721 codd.
509 3672 630 3720 correcte
649 3668 797 3721 Gronovius
871 3669 921 3719 953
939 3666 1016 3718 erinis
1031 3666 1056 3716 Ε
1072 3667 1165 3719 mentis
1179 3669 1210 3718 Α.

134 3753 237 3856 '13:¹⁰⁰
256 3741 275 3802 ς
343 3739 392 3790 961
411 3737 542 3820 intendat?
566 3738 634 3804 igne.
656 3735 803 3856 stanguisEd'
825 3805 841 3856 9
861 3737 927 3820 Ι969
948 3734 1141 3854 τοίἱηῳὶεηΑΕ,
1159 3735 1211 3856 ἔξ

134 3805 570 3940 gerp'e'qulaoeldmpgllgldole-t-{nll
585 3821 752 3940 laceregblm
769 3888 797 3924 es
815 3809 1037 3924 olliblrllglensane
1056 3816 1070 3853 e
1102 3872 1152 3924 989
1171 3885 1210 3922 ar·

134 3942 224 4010 migeri
240 3944 265 3994 A
334 3943 383 3993 982
402 3942 480 4008 recipi
497 3942 522 3992 u
585 3944 634 3995 985
652 3942 754 3994 nomina
771 3941 796 3991 u
856 3942 907 3993 986
924 3939 987 4006 pers.
1005 3952 1041 3992 sc.
1059 3943 1100 3992 est
1116 3939 1142 3990 n*
