2580 4366
165 197 226 260 346
641 217 759 260 cornui

248 367 323 428 leret
343 366 425 427 hunc
448 365 565 428 titulum
589 376 657 446 post
678 368 735 428 fata
757 375 854 430 tamen

249 452 357 512 femina
378 451 468 530 longo
491 469 608 531 semper
629 452 661 513 in
684 471 763 513 aevo.

249 554 332 597 uvrn.
376 536 475 597 Animi
498 536 592 597 retine
615 537 702 599 verba
723 537 860 613 lorentis,

248 631 360 682 temere
382 621 517 682 emissam
540 622 702 700 comprime
724 640 834 683 vocem.

165 792 229 834 ocr.
293 773 458 836 Toleranda
480 774 611 853 quamvis
634 774 736 853 patiar,
759 775 836 835 haud
861 795 1006 856 umquam
1035 797 1160 863 queant
1218 799 1251 850 ron

165 859 222 919 nisi
245 868 338 920 morte
361 859 438 921 tristi
462 866 562 920 nostra
584 859 663 919 finiri
686 859 769 921 mala.

165 944 314 1023 genetrice
336 962 430 1019 caesa,
452 962 506 1022 per
529 943 625 1005 scelus
647 952 732 1023 rapto
755 954 848 1024 patre,

164 1028 264 1089 orbata
288 1029 387 1103 tratre,
410 1028 536 1089 miseriis
558 1028 647 1108 luctu
664 1030 778 1104 obruta,

165 1131 297 1175 maerore
319 1131 431 1192 pressa,
454 1112 573 1191 coniugi
596 1113 689 1174 invisa
710 1132 745 1174 ac
766 1132 847 1174 meae

164 1198 295 1259 subiecta
317 1197 442 1259 famulae
464 1198 615 1259 lucenon
638 1207 719 1276 grata
742 1199 833 1269 fruor,

165 1283 331 1361 trepidante
353 1300 471 1361 semper
493 1283 582 1343 corde
606 1302 666 1343 non
689 1283 794 1345 mortis
816 1294 906 1355 metu,

164 1367 215 1429 sed
237 1366 358 1428 sceleris
380 1402 422 1411 —
444 1367 519 1428 absit
541 1367 654 1429 crimen
676 1389 692 1430 a
715 1369 781 1429 latis
804 1368 887 1442 meis,

164 1452 240 1514 mori
263 1451 386 1526 iuvabit;
410 1470 506 1531 poena
530 1471 597 1513 nam
620 1453 735 1530 gravior
758 1472 831 1515 nece
853 1463 898 1515 est

165 1537 261 1599 videre
284 1537 412 1598 tumidos
435 1548 464 1599 et
487 1545 585 1599 truces
607 1538 731 1599 miserae
753 1537 825 1598 mihi

38 1697 50 1706 ⁶
73 1645 81 1654 ⁸
163 1623 262 1684 vultus
286 1622 402 1701 tyranni
425 1622 548 1700 iungere
571 1632 659 1701 atque
681 1623 758 1683 hosti
782 1621 891 1696 oscula,

164 1709 268 1769 timere
291 1717 381 1768 nutus
405 1707 490 1767 cuius
513 1707 688 1786 obsequium
711 1725 795 1769 meus

164 1793 242 1853 haud
264 1793 341 1853 lerre
363 1802 463 1871 posset
484 1793 542 1852 lata
565 1801 632 1871 post
654 1793 751 1853 fratris
773 1793 858 1853 dolor

165 1876 277 1938 scelere
299 1876 478 1955 interempti,
502 1875 588 1937 cuius
611 1877 768 1955 imperium
792 1886 872 1938 tenet

166 1972 194 2023 et
217 1971 296 2022 sorte
319 1961 426 2040 gaudet
447 1969 551 2029 auctor
573 1962 711 2023 inlandae
734 1961 823 2023 necis.

165 2064 253 2126 quam
276 2064 364 2125 saepe
386 2046 478 2106 tristis
501 2046 604 2107 umbra
626 2047 758 2125 germani
780 2047 853 2108 meis

164 2131 287 2192 offertur
309 2130 414 2206 oculis,
436 2131 567 2191 membra
589 2150 656 2193 cum
680 2131 765 2193 solvit
787 2132 871 2210 quies

164 2225 193 2277 et
214 2217 290 2276 lessa
312 2216 383 2276 ssetu
405 2215 516 2277 lumina
539 2215 688 2295 oppressit
709 2234 813 2295 sopor:

163 2303 251 2362 modo
274 2300 387 2361 facibus
409 2300 480 2362 atris
503 2309 594 2362 armat
616 2300 747 2363 infirmas
769 2319 874 2362 manus

164 2385 327 2462 oculosque
350 2395 379 2446 et
401 2402 452 2446 ora
473 2385 571 2446 lratris
594 2387 720 2447 inlectus
743 2387 824 2465 petit,

163 2470 251 2530 modo
274 2469 406 2549 trepidus
429 2470 505 2530 idem
528 2470 638 2548 refugit
659 2469 689 2532 in
713 2470 855 2532 thalamos
876 2488 978 2546 meos3

164 2555 352 2634 persequitur
376 2554 468 2615 bostis
491 2564 579 2633 atque
602 2555 768 2617 inhaerenti
790 2555 861 2617 mihi

163 2640 309 2700 violentus
332 2657 434 2700 ensem
456 2641 607 2718 perlatus
631 2649 766 2702 nostrum
788 2639 874 2720 rapit.

164 2735 235 2785 tunc
257 2732 369 2784 tremor
391 2732 420 2784 et
441 2724 547 2804 ingens
571 2725 680 2785 excutit
702 2743 823 2787 somnos
845 2743 935 2805 pavor

163 2817 341 2887 renovatque
363 2809 461 2870 luctus
485 2819 513 2869 et
534 2818 630 2870 metus
652 2810 776 2872 miserae
799 2809 880 2870 mihi.

162 2894 245 2955 adice
266 2893 312 2954 his
334 2893 491 2974 superbam
514 2894 666 2973 paelicem,
688 2904 808 2956 nostrae
829 2894 936 2956 domus

164 2978 265 3058 spoliis
288 2978 442 3053 nitentem,
465 2978 550 3040 cuius
573 2979 603 3039 in
627 2997 737 3041 munus
759 2997 841 3041 suam

163 3063 280 3144 Stygiae
302 3070 455 3143 parentem
478 3072 564 3124 natus
586 3064 728 3143 imposuit
749 3065 814 3139 rati,

163 3166 251 3226 quam
273 3148 335 3209 dira
358 3158 425 3229 post
448 3148 598 3228 naulragia
620 3158 759 3228 superato
782 3148 853 3210 mari

161 3233 240 3294 ferro
264 3233 412 3295 interemit
433 3233 547 3294 saevior
569 3233 663 3312 pelagi
684 3233 782 3296 lretis:

162 3335 238 3396 quae
260 3337 329 3397 spes
351 3316 453 3378 salutis
475 3328 543 3397 post
565 3319 648 3379 nelas
668 3327 784 3380 tanturn
806 3314 899 3379 mihi?

163 3402 281 3464 inimica
303 3402 405 3463 victrix
428 3403 562 3464 imminet
582 3403 716 3464 thalamis
738 3403 811 3464 meis

162 3487 289 3566 odioque
312 3487 406 3548 nostri
429 3487 532 3567 llagrat
554 3497 583 3549 et
605 3488 733 3567 pretium
755 3488 850 3568 stupri

246 3674 278 3723 91
303 3671 360 3722 hinc
381 3668 421 3721 Νι
509 3673 556 3722 100
575 3673 733 3722 inscribitur
754 3669 864 3723 (lttevia.
892 3670 975 3721 nutrix
994 3670 1031 3723 Μ.
1056 3699 1093 3712 -
1119 3671 1236 3728 2113le

165 3739 376 3791 111511101Σὶ1ι
449 3740 494 3790 108
512 3751 570 3788 nam
590 3732 653 3802 utu]
671 3736 927 3792 nonNnuncthO
999 3741 1050 3793 114
1067 3741 1235 3796 montena

161 3811 283 3857 comit
299 3806 414 3873 Lipsius.
437 3833 471 3844 -
495 3805 618 3859 netandae
636 3806 683 3857 ΨΟ
780 3809 827 3860 116
844 3806 946 3858 effertur
964 3806 987 3856 L
1009 3807 1138 3863 offeretur
1156 3810 1192 3865 Μ.
1207 3834 1237 3849 ’-

160 3873 466 3925 oenllsi.ros.1m.b
525 3877 576 3925 ,111
595 3873 671 3927 flesse
690 3875 714 3925 u
731 3875 795 3927 flexa
814 3876 849 3926 M
904 3876 948 3926 121
969 3873 1047 3927 inerti
1063 3879 1090 3928 Σ
1108 3876 1239 3933 inbertill

159 3939 297 3993 inhorrenti
317 3940 338 3991 0
409 3944 456 3995 123
475 3956 552 3993 sonos
569 3944 594 3991 Σ
665 3944 711 3995 111
731 3943 798 4010 stige
816 3941 865 3994 llI'
