2580 4366
106 240 148 303 80
524 257 563 299 ns
583 255 754 301 succussus.

106 408 148 469 ita
168 408 250 469 hunc
271 425 389 468 versum
410 407 530 487 Lipsius
552 407 716 469 emendavit
737 407 790 486 qui
811 406 842 467 in
865 405 1003 469 Melissea
1029 409 1189 471 inuenerat

107 494 268 572 euernplum
283 497 390 571 irruens,
415 511 490 572 quae
505 491 593 553 verba
609 493 640 552 in
655 492 680 552 Α
695 491 900 553 desiderantur
914 491 957 551 sic
972 492 1065 561 altera
1077 510 1188 563 uersus

107 586 190 658 parte
212 578 336 657 scripta:

667 664 747 739 repis
768 665 856 740 dupe
877 661 959 725 adite.

108 746 139 806 in
162 745 288 806 Etrusco
310 753 409 807 autern
431 745 501 807 item
522 745 647 822 legitur:

307 831 472 911 exemplum
493 834 592 908 rupeas
614 833 693 908 reple
714 834 802 910 maipa
823 831 941 904 editura,

108 933 181 991 non,
205 923 238 976 ut
258 914 427 976 Gronovius
448 914 559 994 duplici
583 933 684 976 errore
706 924 820 977 narrat:

312 1000 473 1079 ememplurn
494 1005 526 1060 iu
548 1005 646 1078 r'nperss
667 1003 746 1078 repis
767 1004 855 1078 stirpe
877 999 958 1060 edite.

108 1089 138 1142 at
158 1082 278 1161 Lipsius
306 1083 379 1162 quin
407 1103 525 1145 versum
550 1092 631 1145 recte
660 1083 823 1147 emendarit
844 1082 967 1149 minima
987 1080 1187 1143 dubitandum

109 1175 162 1227 est.
208 1168 245 1227 ei.
269 1168 339 1228 Sen
362 1187 409 1247 ep.
433 1171 491 1245 66,
514 1173 534 1231 4
565 1168 709 1231 Claranus
737 1168 811 1231 milui
836 1169 950 1231 uidetur
977 1172 1010 1229 iu
1034 1166 1187 1246 eaanptar

106 1252 207 1314 editas.
248 1253 283 1314 de
304 1253 417 1332 prorid.
432 1256 463 1326 6,
487 1256 505 1316 3
528 1260 593 1316 nuti
613 1266 681 1315 sunt
702 1259 734 1316 a'rc
756 1253 911 1332 auamplur.
949 1251 1032 1313 Ouid.
1050 1250 1185 1329 famili,

107 1337 171 1399 243
199 1341 277 1399 venit
305 1343 336 1400 in
362 1338 524 1419 aaarnplnnr
549 1340 638 1417 [arur
657 1338 716 1413 tte,
745 1346 775 1399 et
801 1338 908 1401 similia
940 1335 1099 1416 pecuda.
1144 1337 1184 1408 et

107 1418 162 1481 ΗΟ
188 1423 270 1485 1854
295 1423 443 1503 euemplcr
463 1428 571 1502 inpensa.
616 1424 652 1485 de
673 1423 723 1485 rit.
747 1423 822 1487 beat.
845 1424 903 1498 24,
925 1423 947 1483 4
970 1423 1011 1487 ad
1030 1422 1185 1502 sescuplus

106 1509 207 1583 a‘npens
229 1508 296 1584 (me)
318 1508 433 1582 attuln3
462 1526 641 1586 quamquam
664 1508 694 1570 id
716 1508 814 1587 ipsum
837 1506 868 1571 in
889 1507 972 1569 huuc
994 1522 1113 1571 uersum
1134 1507 1184 1568 in-

105 1589 188 1652 terre
208 1610 362 1671 perperam
386 1602 510 1655 conatur
531 1592 674 1672 Peiperus
696 1594 788 1672 prael,
811 1612 841 1673 p,
860 1590 959 1655 XLVI,
1001 1591 1055 1657 sed
1078 1609 1118 1659 ne
1136 1591 1183 1661 sie

105 1675 206 1739 emnia
232 1677 323 1757 ,plana
351 1685 438 1756 putes
467 1696 547 1752 esse,
575 1677 736 1739 obscurum
764 1687 809 1739 est
837 1675 907 1756 quid
935 1675 1009 1743 taes
1030 1675 1093 1745 siai
1114 1675 1184 1747 uelit

105 1760 272 1824 adlocutio:
292 1756 386 1842 ‘regia
409 1763 501 1842 stirpe
523 1763 553 1825 in
577 1763 745 1842 exemplum
763 1762 873 1825 editum
888 1759 1007 1827 Thebas
1021 1753 1181 1831 incessui.

108 1854 189 1907 certe
218 1847 374 1909 dicendum
404 1858 467 1909 erat
496 1847 563 1926 quis
585 1855 663 1909 esset
682 1847 734 1909 ille
756 1846 836 1926 regia
857 1846 951 1924 stirpe
974 1845 1081 1909 editas.
1124 1864 1182 1913 uae

107 1932 253 1991 removeri
275 1932 475 1995 difficultatem
498 1933 667 2012 recipienda
689 1931 836 2011 scriptura
858 1930 972 2008 vulgari
986 1924 1182 2012 ‘rapinatim

108 2006 199 2089 edite,
223 2016 312 2079 immo
334 2018 436 2096 augeri
458 2017 569 2078 clarum
592 2027 652 2092 est;
677 2035 746 2080 nam
763 2016 810 2077 sic
831 2020 965 2081 inescant
979 2015 1104 2077 omnino
1119 2035 1181 2078 non

107 2098 196 2159 habet
218 2119 277 2178 quo
299 2102 453 2163 reseratur.
483 2119 554 2178 ergo
574 2120 628 2181 pro
644 2112 726 2163 certo
739 2101 842 2163 haberi
854 2107 955 2180 potest
968 2118 1063 2161 unum
1078 2099 1182 2163 saltem

107 2201 226 2245 uersum
239 2194 309 2246 ante
323 2189 386 2248 320
401 2186 586 2247 intercidisse
607 2187 638 2247 in
654 2205 713 2265 quo
729 2204 895 2265 pronomen
910 2184 1180 2263 paneadensem

108 2265 778 2353 hahueritlerehocmodozlpuruaaperuures
788 2265 1179 2356 annumeretusapsunl

109 2353 270 2432 exemplum
292 2359 324 2414 irc
345 2359 444 2433 inpane
464 2359 544 2435 repta
564 2361 652 2435 stirpe
671 2357 780 2419 editura
805 2353 914 2419 Tdedee
934 2366 1074 2434 paventes
1098 2373 1180 2418 annu

108 2435 243 2513 fraterna
265 2443 406 2501 invocant.
437 2450 600 2518 potuerunt
622 2441 708 2519 plura
729 2439 957 2519 praecederede
972 2439 1082 2518 quibus
1104 2440 1178 2501 arin-

108 2519 164 2581 lari
186 2522 289 2583 inutile
312 2532 366 2585 ast.
407 2543 479 2587 num
502 2536 532 2587 et
552 2525 638 2603 sequi
660 2525 716 2587 alia
737 2525 872 2603 quaestio
893 2533 939 2585 est
959 2542 1048 2602 quam
1064 2543 1180 2586 morere

107 2606 185 2666 forte
208 2626 269 2669 nun
293 2608 394 2671 utilius
416 2610 464 2670 sit.
494 2627 616 2671 monere
636 2618 736 2671 tamen
751 2610 853 2684 debeo,
877 2626 1057 2688 quamquam
1068 2610 1179 2686 maiora

108 2689 179 2753 inde
205 2710 384 2771 quemquam
413 2694 508 2755 moliri
536 2695 624 2769 nolo,
653 2696 730 2755 hanc
756 2713 893 2757 scaenam
915 2695 955 2757 43
981 2711 1087 2761 vomam
1103 2713 1178 2765 eau-

108 2775 213 2851 tinere,
235 2785 308 2855 quot
322 2779 353 2838 in
369 2778 495 2856 singulis
510 2778 626 2858 paginis
642 2779 706 2841 eius
721 2779 789 2841 libri
803 2798 819 2841 a
835 2797 895 2858 qno
910 2776 1056 2843 Etruscus
1070 2779 1178 2858 pedm

109 2861 239 2922 extitisse
259 2862 403 2923 HermX
425 2883 455 2943 p.
471 2865 531 2926 431
550 2865 618 2925 adn.
636 2866 657 2926 2
678 2882 715 2924 ex
736 2864 850 2925 lacunis
873 2863 904 2923 in
927 2862 1055 2929 Hercule
1069 2863 1177 2933 fidam

107 2942 154 3005 his
183 2946 308 3009 eundem
337 2965 474 3009 versuum
505 2967 662 3011 numerum
690 2948 851 3028 complexis
877 2950 916 3024 (v.
941 2948 1124 3014 182-224
1150 2957 1179 3010 et

104 3031 334 3107 tuda-1606)
355 3032 481 3111 conlegi.
525 3034 638 3095 accedit
659 3043 694 3094 ut
714 3052 820 3097 scaena
842 3050 971 3111 sequeus
992 3033 1056 3101 332
1078 3050 1179 3103 rusae

108 3114 261 3179 contineat
288 3116 339 3195 qui
368 3126 440 3178 sunt
466 3118 598 3196 septiens
626 3118 806 3197 quadrageni
834 3117 913 3179 terni
935 3135 996 3180 unc
1018 3128 1179 3196 disparente

104 3199 158 3263 aad
180 3202 277 3263 locum
299 3202 332 3263 in
354 3203 528 3281 paginarum
550 3203 689 3265 extremis
715 3221 779 3265 non
805 3201 916 3265 difficili
940 3201 1061 3281 negotio
1082 3220 1177 3283 prere

103 3284 159 3345 sed
180 3287 254 3349 haec
274 3286 387 3348 fallacia
408 3297 488 3349 sunt.
531 3287 613 3349 locos
635 3287 713 3350 enim
735 3288 766 3350 in
787 3287 915 3351 Etrusco
936 3287 1066 3355 ommam
1082 3288 1179 3359 iulet

108 3368 215 3431 cidisse
237 3380 354 3450 oportet
375 3382 532 3452 postquam
551 3372 744 3451 interpolatur
758 3372 782 3433 Δ
798 3390 901 3435 noram
921 3370 1085 3443 editionem
1103 3391 1179 3441 nem

108 3450 188 3513 ierit
222 3455 252 3515 in
275 3455 447 3519 Phoenissis
468 3467 566 3518 autem
586 3457 644 3517 mm
666 3458 782 3536 pridem
802 3465 876 3519 tnnc
893 3456 1007 3521 rasura
1029 3457 1181 3525 debuisset

104 3533 182 3597 iacta
210 3556 285 3600 esse.
335 3549 368 3601 ut
395 3541 420 3602 si
450 3540 608 3620 quicquam
637 3560 672 3605 ex
695 3541 917 3620 computatione
946 3540 1000 3604 ista
1028 3543 1181 3623 malisse

107 3618 188 3692 velis,
206 3622 248 3684 ad
269 3625 462 3687 uetustiorem
485 3625 673 3689 librariorum
695 3627 727 3688 in
750 3625 950 3706 exprimendis
968 3627 1182 3707 exemplarium

108 3721 231 3766 suorum
253 3706 370 3784 paginis
391 3711 507 3775 anxiam
528 3712 676 3790 quandam
698 3712 893 3775 constantiam
908 3710 1020 3773 referre
1039 3711 1117 3775 illud
1129 3713 1182 3777 da-

108 3786 201 3936 pglp}
225 3791 341 3938 quassde
361 3811 397 3853 re
410 3793 612 3858 Mommsenus
632 3796 751 3860 locutus
772 3804 818 3859 est
834 3796 865 3857 in
878 3803 937 3859 ant.
950 3795 1031 3857 acad.
1047 3796 1182 3863 Berolin.

193 3959 226 4020 ln
249 3970 392 4040 sequente
407 3978 511 4022 scaena
526 3974 732 4044 argumentum
747 3972 851 4033 tractat
863 3983 902 4027 ex
915 3963 1069 4044 nunnus
1080 3966 1185 4032 -Plroo-
