2602 4380
481 215 627 261 mortus
642 199 771 277 [rannus]

83 385 285 448 pecorumque
300 366 359 428 ritu
375 367 523 446 virginum
539 369 674 448 oppressi
691 386 812 448 gregem

81 454 140 514 hoc
155 453 236 514 nulla
252 453 337 528 luno,
353 452 455 514 nullus
470 452 654 534 Eurystheus
669 454 766 517 iubet:

81 538 177 618 ipsius
191 539 265 599 haec
279 545 350 599 sunt
364 556 463 618 opera.
530 556 615 599 aura.
645 537 713 600 Non
728 539 807 602 nosti
822 539 935 603 omnia:

81 623 177 702 ipsius
192 641 269 702 opus
285 631 329 685 est
344 621 491 686 caestibus
505 623 618 685 fractus
633 624 695 685 suis

82 709 161 788 Eryx
177 716 205 769 et
219 709 308 788 Eryci
323 708 444 770 iunctus
459 709 589 771 Antaeus
604 708 703 789 Libys,

84 802 113 854 et
129 794 180 872 qui
195 793 334 874 hospitali
350 793 439 855 caede
453 803 606 856 manantes
619 795 679 856 ioci

81 878 184 940 bibere
198 879 309 940 iustum
324 878 501 957 sanguinem
515 878 677 954 Rusiridis3

82 962 177 1043 ipsius
194 981 270 1043 opus
286 971 331 1024 est
344 963 459 1025 vulneri
475 972 504 1025 et
517 965 597 1025 lerro
612 963 710 1026 invius

82 1056 209 1109 mortem
225 1057 344 1110 coaetus
360 1050 476 1129 integer
491 1046 608 1130 Cycnus
622 1049 694 1129 pati·

83 1152 140 1195 nec
155 1152 234 1195 unus
249 1152 309 1195 una
325 1132 443 1214 Geryon
458 1134 553 1197 victus
568 1152 668 1196 mann.
713 1129 715 1137 ’

81 1218 141 1280 eris
156 1218 235 1280 inter
249 1218 322 1280 istos
343 1253 379 1262 -
398 1219 449 1298 qui
464 1227 562 1280 tamur
577 1219 660 1281 nullo
676 1226 780 1299 stupro

81 1304 194 1365 laesere
209 1303 360 1365 thalamos.
426 1323 489 1366 erc.
520 1304 604 1376 Quod
619 1303 680 1366 lori
695 1305 753 1366 hoc
767 1305 831 1384 regi
845 1298 930 1367 licet:

82 1388 143 1449 lovi
153 1388 264 1469 ¹dedisti
279 1389 446 1468 coniugem,
461 1389 525 1468 regi
540 1388 634 1464 dabit;

82 1482 111 1535 et
126 1480 155 1534 te
169 1473 309 1552 magistro
325 1492 386 1535 non
403 1491 512 1535 novum
527 1474 584 1535 hoc
600 1474 693 1536 discet
708 1491 812 1553 nurus,

81 1559 169 1619 etiam
184 1559 247 1620 viro
263 1558 407 1638 probante
422 1558 574 1621 meliorem
590 1561 685 1640 sequi.

82 1644 128 1704 sin
146 1643 278 1722 copulari
294 1643 430 1723 pertinax
444 1644 537 1705 taedis
552 1651 650 1722 negat,

81 1728 127 1788 rel
143 1747 179 1788 ex
194 1736 293 1789 coacta
309 1728 439 1790 nobilem
456 1739 572 1807 partum
588 1730 690 1790 ieram.

81 1831 151 1874 nac.
182 1813 307 1875 Vmbrae
324 1813 459 1875 Creontis
475 1821 505 1875 et
518 1822 641 1894 penates
655 1811 781 1875 Labdaci

81 1907 112 1959 et
128 1898 275 1978 nuptiales
290 1899 372 1978 impii
389 1899 559 1979 Oedipodae
573 1899 662 1972 laces,

84 2001 166 2044 nunc
182 1984 266 2045 solita
282 1992 385 2045 nostro
400 1985 458 2046 lata
474 1983 706 2062 coniugiodate.

83 2087 175 2144 nunc,
192 2086 282 2144 nune,
299 2075 440 2131 eruentae
455 2069 534 2149 regis
548 2067 674 2149 Aegypti
690 2084 795 2143 nurus,

82 2153 182 2214 adeste
198 2152 291 2214 multo
308 2155 453 2233 sanguine
468 2154 593 2215 iniectae
607 2171 722 2214 manus,

84 2238 149 2299 dest
162 2258 222 2300 una
237 2257 362 2300 numero
378 2239 500 2301 Danais:
519 2237 642 2319 explebo
659 2237 751 2299 netas.

50 2368 53 2375 ,
82 2342 146 2384 erc.
177 2322 318 2404 Coniugia
335 2326 474 2402 quoniam
490 2323 627 2404 pervicax
642 2330 741 2384 nostra
758 2320 864 2383 abnuis

60 2476 64 2491 ι
83 2426 245 2487 regemque
259 2418 364 2484 terres,
380 2418 495 2489 sceptra
511 2407 581 2488 quid
597 2407 715 2488 possint
729 2407 814 2469 scies.

85 2494 282 2572 complectere
297 2512 377 2555 aras:
394 2494 494 2555 nullus
511 2493 616 2574 eripiet
635 2492 709 2554 deus

84 2578 210 2654 mmihi,
228 2597 283 2639 nec
299 2578 370 2638 orbe
386 2579 410 2640 si
427 2578 561 2640 remolito
577 2585 666 2658 queat

82 2662 118 2723 ad
135 2681 243 2742 supera
258 2663 353 2725 victor
367 2664 489 2724 numina
505 2663 621 2725 Alcides
636 2662 712 2724 rehi.

84 2749 236 2825 congerite
252 2749 355 2809 silvas:
379 2749 487 2827 templa
503 2747 688 2829 supplicibus
704 2746 766 2809 suis

84 2833 191 2894 iniecta
206 2834 347 2911 flagrent,
364 2834 521 2912 coniugem
537 2840 675 2895 ettotam
693 2849 813 2912 gregem

85 2928 241 2980 consumat
255 2937 335 2979 unus
350 2919 419 2997 igne
435 2917 568 2980 subiecto
582 2935 684 2997 rogus.

85 3022 172 3063 nuru.
203 3003 267 3064 Hoc
282 3021 392 3065 munus
408 3022 424 3064 a
439 3010 468 3064 te
484 3001 601 3082 genitor
616 3002 734 3064 Alcidae
750 3010 830 3082 peto,

84 3105 190 3166 rogare
205 3089 284 3168 quod
299 3107 347 3150 me
363 3090 473 3161 deceat,
489 3095 523 3150 nt
537 3088 652 3167 primus
667 3087 777 3148 cadam.

85 3191 147 3232 nro.
179 3174 236 3245 Qui
251 3183 346 3236 morte
362 3184 486 3237 cunctos
504 3173 587 3236 luere
602 3170 782 3252 supplicium
797 3170 880 3233 iubet

87 3258 182 3320 nescit
196 3268 340 3338 tyrannus
356 3278 436 3321 esse:
468 3259 580 3321 diversa
596 3257 716 3336 inroga3

85 3343 227 3405 miserum
242 3352 304 3405 veta
320 3345 428 3424 perire,
444 3344 559 3405 lelieem
574 3341 652 3404 iube.

85 3445 151 3505 ego,
168 3429 238 3490 dum
255 3429 420 3491 cremandis
435 3427 567 3490 trabibus
583 3426 725 3489 accrescit
738 3443 840 3505 rogus,

171 3683 221 3733 479
244 3680 314 3749 Lyci
330 3686 395 3732 nota
410 3680 538 3748 praefica
556 3680 587 3740 Σ,
607 3693 684 3728 musa
702 3675 727 3726 E
812 3675 862 3727 483
886 3673 1039 3741 hospitalem
1059 3673 1161 3727 caedem

86 3748 211 3802 minantes
224 3749 255 3800 a.
266 3750 401 3802 -obvius
413 3749 488 3800 codd.
500 3749 622 3800 correxit
634 3745 666 3796 de
678 3744 860 3799 Wilumowitz
912 3745 963 3796 486
981 3746 1084 3796 coactus
1103 3747 1161 3795 ante

86 3815 217 3882 Geryones
235 3817 289 3884 pati
306 3818 332 3869 A
387 3820 438 3871 490
456 3817 528 3870 dabis
546 3815 742 3868 coddeomeci
796 3813 845 3864 497
865 3810 993 3863 cestren
1051 3814 1101 3864 504
1118 3810 1164 3862 de-

86 3883 176 4002 mo}ito
193 3885 218 3936 Ε
270 3889 320 3940 508
339 3886 453 3938 subiecto
471 3886 544 3939 locus
563 3883 640 3937 codd.
654 3883 774 3936 corrasit
792 3881 924 3932 Acontius
994 3880 1043 3933 512
1062 3878 1164 3932 diversa

86 3951 111 4002 in
141 3967 186 4005 oca
205 3953 230 4004 ll

139 4045 232 4087 Senecae
247 4043 373 4096 tragoedico
387 4045 417 4086 11.
945 4050 968 4101 ⁸2
