2602 4380
503 219 541 261 llll
562 215 779 261 exterminus
800 215 929 259 GRAECIS·

591 363 625 431 du
647 362 684 430 dd
705 368 861 471 γενναίων
885 357 994 446 dauwe

386 447 461 514 τόδ’
486 437 563 534 ἦρξε
585 445 759 534 eptateuci
779 444 956 531 γίγνεσθαι
977 446 1075 513 κακόν

183 540 261 601 unde
284 557 372 600 suum
394 538 524 598 calorem
548 537 691 598 deducere
715 536 836 598 Ovidius
858 545 938 598 certe
960 555 1023 597 nau
1045 554 1085 617 pc
1085 536 1153 599 tuit.

269 623 477 684 Ovidiumt
427 641 461 683 au
465 631 523 684 tem
546 621 576 682 iu
592 620 742 683 Phaedrae
764 620 889 701 epistula
911 620 1081 682 adornanda
1104 619 1175 683 item
1198 620 1254 682 Eu·

182 709 286 789 ripidis
308 707 467 787 Hippolyto
497 707 589 767 velata
620 724 706 767 usum
737 725 802 767 esse
830 724 898 766 cum
923 705 1017 767 rhum
1042 712 1088 766 est
1110 705 1174 768 aliis
1196 714 1254 767 tum

182 793 339 872 probatum
363 812 377 852 a
402 791 623 852 Wilamawitzic
647 791 692 867 (λ
716 790 750 852 Ε
774 810 803 870 p
820 792 882 854 209
898 792 956 868 sq.)
977 790 1040 870 qui,
1063 808 1132 851 curn
1153 808 1254 871 parum

183 890 263 939 recte
285 879 321 939 de
345 875 488 937 Ovidiiv.
514 877 573 939 136
596 875 741 944 iudicarit
764 873 916 974 Plutarchi
937 875 1036 936 locum
1059 877 1147 950 (mor
1170 895 1201 978 p.
1217 878 1254 939 27

182 970 239 1023 ext.
264 965 305 1061 (p.
329 963 387 1038 63,
410 963 451 1023 16
474 959 594 1036 harah)
622 955 678 1022 καί
705 952 722 1020 ὅ
746 956 905 1040 σύσκηνος
928 950 1029 1022 αὐτοῦ
1052 952 1198 1024 maidev‘
1180 960 1254 1045 ορᾷς

117 1090 118 1093 ,
183 1067 237 1108 οτι
258 1069 316 1148 την
338 1067 374 1108 τε
394 1039 545 1125 Φαίδραν
568 1067 623 1107 και
612 1043 929 1150 προσεγκαλοῦσαν
947 1066 994 1126 τῳ
979 1044 1121 1127 ’Θησεῖ
1135 1048 1254 1110 πεποί-

182 1153 256 1213 ηκεν
280 1124 324 1206 ὦς
347 1126 403 1193 διὰ
424 1126 484 1205 τὰς
506 1123 630 1193 ἐκείνου
652 1123 864 1211 παρανομίας
887 1125 1090 1211 ἐρασθεῖσαν
1114 1129 1173 1193 τοῦ
1193 1124 1254 1194 Ἱπ-

183 1212 342 1292 πολύτου)
373 1214 583 1277 demonstravit
611 1212 708 1275 Ouidii
735 1232 822 1277 versu
854 1218 914 1278 116
944 1225 972 1276 et
997 1215 1129 1281 Senecae
1149 1215 1254 1279 Phaed·

183 1303 221 1364 91
207 1307 292 1380 l.sq
315 1299 477 1363 inlustrari.
521 1300 565 1360 sic
585 1300 641 1377 [νς.
664 1301 726 1363 433
1036 1327 1039 1334 ·

389 1381 452 1461 ἔχω
476 1380 512 1447 dd
534 1379 656 1486 τόλμης
678 1383 732 1447 καὶ
754 1376 911 1485 θρρὶσονς
928 1379 1128 1449 διδάσκαλον

389 1465 423 1532 ἓν
445 1475 517 1543 τοῖς
540 1461 756 1569 αμηχάνοισιν
780 1459 1013 1569 εὐπορώτατον

380 1548 510 1637 Ἔρωτα
532 1550 668 1616 πάντων
691 1549 947 1633 δυσμαχώτατον
970 1550 1052 1627 θεὸν

184 1673 365 1735 componere
387 1653 456 1715 licet
444 1661 547 1715 tcum
568 1656 632 1716 her
655 1659 685 1728 4,
712 1658 748 1716 ll

387 1757 524 1836 quidquid
544 1757 633 1819 Amor
654 1760 737 1818 tussit
758 1774 818 1816 aaa
840 1769 880 1827 eat
902 1767 1079 1819 ceutermuere
1101 1767 1205 1829 tutum,

387 1849 489 1919 repeat
510 1853 536 1903 et
557 1845 590 1902 ia
612 1843 740 1902 dominas
762 1845 808 1907 lua
827 1841 910 1905 dalet
931 1840 979 1902 ille
1001 1843 1065 1904 deae
1088 1861 1113 1903 e.
1131 1861 1160 1922 q.
1177 1862 1201 1903 s.

184 1935 214 1986 ct
235 1924 343 1986 Phaed.
369 1926 427 1988 184

695 2013 763 2072 uicit
784 2030 817 2072 ae
836 2019 938 2089 meme
959 2013 1048 2089 sarar

385 2103 539 2174 palemque
561 2104 735 2166 tutamenta
757 2096 923 2161 damimatur
939 2096 1021 2163 deus.

388 2179 433 2238 lu‘e
454 2179 567 2240 volucer
588 2183 668 2240 amm
684 2179 827 2258 pellatia
849 2191 928 2242 terra
951 2185 1090 2259 turpatam

389 2263 550 2343 laesumque
569 2264 699 2342 flammis
719 2275 809 2326 terret
830 2264 978 2329 eudemius
999 2264 1104 2327 leuem.

302 2349 363 2411 218
386 2347 499 2409 Ameria
521 2353 553 2409 m
573 2367 618 2410 me
640 2353 803 2412 maciacum
824 2368 946 2428 νεςσαον
963 2361 1046 2430 puta.

183 2433 227 2492 sic
248 2432 304 2508 lag.
328 2434 402 2536 436

389 2511 453 2622 ἐγὼ
477 2515 513 2578 δέ
535 2538 623 2600 φημι
643 2513 699 2580 καί
721 2514 822 2619 νόμον
844 2515 947 2624 γεμὴ
972 2513 1081 2600 σέβειν

389 2598 422 2664 ἓν
444 2607 535 2665 τοῖσι
558 2600 680 2676 δεινοῖς
702 2602 768 2665 τῶν
791 2595 976 2685 ἀναγκαίων
1003 2600 1104 2667 πλέον

184 2704 252 2746 cum
275 2687 392 2759 her.4,
418 2688 477 2748 154

388 2771 456 2850 quid
477 2772 571 2833 deceat
592 2789 651 2833 aaa
672 2773 749 2833 vadet
770 2770 848 2834 ullus
869 2791 979 2835 amam
991 2775 1031 2851 20)

185 2864 215 2915 et
236 2853 344 2915 Phacd
371 2856 428 2915 177

188 2936 190 2940 ’
593 2959 663 3020 quae
684 2960 826 3004 memoras
847 2924 903 3003 scia

389 3041 458 3085 aera
481 3042 538 3085 ease
559 3030 673 3100 autrum,
695 3028 743 3088 sed
763 3030 851 3106 [ανον
873 3031 944 3105 capit
965 3031 1044 3106 aequi

408 3112 495 3168 eiera.

184 3202 215 3254 et
236 3192 308 3253 sic'
300 3211 331 3253 111
354 3127 418 3252 aliis
440 3210 569 3271 quaque,
592 3211 667 3272 quae
689 3195 725 3256 ad
740 3194 889 3257 Phaedrae
911 3212 1009 3256 mores
1024 3195 1110 3256 aliter
1123 3212 1213 3274 quam
1225 3193 1254 3269 iu

186 3277 345 3358 Hippolyta
369 3283 510 3338 coronata
526 3278 666 3340 formatas
681 3287 825 3359 spectant,
842 3299 903 3341 nan
918 3286 977 3341 tam
993 3279 1088 3355 Ovidii
1103 3278 1254 3359 epistulam

184 3381 202 3422 a
218 3363 331 3423 Seneca
351 3379 517 3441 expressam
534 3380 598 3425 esse
614 3382 702 3442 quam
719 3372 878 3444 utrumque
893 3364 929 3436 ad
945 3382 1131 3443 communem
1143 3365 1253 3427 danum

184 3447 345 3507 accessisse
367 3445 519 3526 probabile
540 3455 596 3508 est.

203 3554 206 3558 ’
271 3531 348 3610 apud
365 3531 538 3611 Euripidem
552 3529 683 3593 Phaedra
701 3543 804 3612 questa
819 3542 880 3594 erat
895 3533 975 3615 quad
991 3552 1051 3596 una
1066 3533 1174 3609 damus
1188 3534 1254 3596 duat

186 3633 305 3676 sorores
326 3632 426 3676 amare
449 3615 639 3695 perdidisset:
669 3619 732 3679 her.
756 3621 785 3736 4,
809 3620 849 3681 63

271 3798 304 3864 ²⁰)
323 3799 356 3850 cl
378 3801 425 3852 133
444 3799 566 3864 Iuppiter
584 3817 637 3851 aeae
658 3803 743 3882 pium
750 3804 847 3852 statuit
863 3801 1067 3883 quodcumqae
1066 3805 1187 3868 iuuaret,
1209 3814 1255 3869 quc

185 3865 292 3918 tortasse
315 3871 414 3932 spectat
436 3867 485 3933 hg.
504 3869 554 3920 448
576 3861 636 3919 ἀλλ’
657 3862 690 3919 ου’
711 3864 765 3935 γὰρ
791 3863 886 3939 ὀρθῶς
909 3870 996 3921 ταῦτα
1018 3867 1165 3937 κρίνουσιν
1179 3841 1250 3924 θεολ

184 3934 230 4000 qui
248 3934 368 3986 scilicet
361 3935 410 4002 rpsi
428 3939 542 4002 peccent
