2580 4366
143 193 203 257 142
416 197 419 202 ’
525 210 554 251 ι.
576 209 682 253 aunam
703 185 831 254 sunnone

140 362 313 440 fessumque
336 359 415 421 curis
437 368 543 440 pectus
566 368 596 421 et
617 379 684 422 cara
706 359 797 422 ubera

140 464 257 527 precor,
279 446 410 507 furorem
433 444 504 506 siste
527 453 616 523 teque
638 446 702 525 ipsa
723 445 841 507 adiuva:

141 549 210 612 pars
233 530 367 592 sanitatis
389 529 462 590 velle
485 531 582 591 sanari
605 531 670 591 luit.

140 635 186 677 nn.
265 614 332 676 Non
355 614 452 675 omnis
473 615 572 675 animo
595 616 683 676 cessit
705 615 837 694 ingenuo
859 615 965 694 pudor.

140 718 289 782 paremus,
311 699 406 760 altrix.
451 699 503 778 qui
524 700 587 779 regi
610 718 671 760 non
694 700 758 761 vult
779 718 862 760 amor

140 786 283 847 vincatur.
328 785 406 845 haud
428 792 466 858 te,
489 785 576 859 lama,
600 785 740 846 maculari
761 785 865 848 sinam.

139 871 214 932 haec
237 869 298 931 sola
321 871 395 931 ratio
418 876 472 945 est,
495 870 618 931 unicum
641 870 782 949 effugium
804 870 887 931 mali:

140 956 235 1016 virmn
258 973 427 1034 sequamur,
449 964 546 1016 morto
567 964 749 1035 praevertam
772 955 864 1016 netas.

139 1058 223 1102 nura.
260 1040 421 1111 lllodcrare,
443 1038 571 1115 alumna,
593 1040 701 1100 mentis
724 1041 851 1112 effrenae
876 1037 1016 1120 impetus,

63 1161 65 1165 ·
140 1126 255 1187 animos
278 1143 392 1186 coerce.
437 1123 556 1203 dignam
578 1124 616 1186 ob
639 1126 697 1186 boc
717 1125 775 1188 vita
798 1143 867 1186 reor

141 1211 221 1289 qnod
244 1229 308 1272 esse
330 1216 421 1271 temet
442 1217 577 1271 autumas
599 1209 717 1288 dignam
741 1229 825 1288 nece.
893 1267 898 1283 .

139 1313 186 1356 ru.
266 1295 389 1357 Decreta
411 1313 492 1356 mors
516 1303 575 1356 est:
599 1295 752 1373 quaeritur
773 1295 825 1356 lati
847 1313 952 1372 genus.

140 1380 286 1459 laqueone
308 1380 394 1440 vitam
416 1380 516 1440 finiam
540 1399 577 1440 an
599 1380 679 1440 terro
702 1377 861 1440 incubcm‘l

140 1484 178 1527 an
201 1464 290 1525 missa
311 1483 454 1544 praeceps
476 1483 543 1527 arce
565 1464 692 1526 Palladia
714 1463 838 1526 cadam?

140 1569 224 1612 aran.
261 1549 311 1610 Sic
333 1558 361 1610 te
385 1558 523 1610 senectus
545 1559 646 1611 nostra
668 1549 823 1630 praecipiti
845 1548 923 1611 sinat

140 1634 240 1717 perire
261 1632 344 1696 leto‘l
377 1634 448 1695 siste
469 1634 665 1696 furibundum
688 1634 840 1715 impeturn.

139 1740 185 1783 nu.
266 1719 428 1780 Prohibere
450 1718 531 1794 nulla
553 1719 627 1780 ratio
651 1720 818 1798 periturum
841 1728 938 1800 potest

141 1806 192 1867 ubi
216 1805 267 1885 qui
290 1805 365 1866 mori
388 1805 542 1866 constituit
564 1813 593 1865 et
618 1804 705 1865 debet
726 1805 812 1865 mori.

141 1891 229 1971 proin
252 1890 392 1951 castitatis
414 1890 561 1950 vindicem
584 1907 732 1951 armemus
753 1907 884 1951 manum.

138 1994 223 2038 nvnc.
261 1975 399 2036 Solamen
421 1974 508 2037 annis
530 1975 652 2035 unicum
675 1975 772 2048 fessis,
796 1994 855 2049 cra,

109 2076 110 2079 ’
139 2060 246 2122 sitam
268 2067 425 2139 protervus
448 2059 569 2120 incubat
591 2060 691 2120 menti·
709 2061 804 2134 furor,

139 2153 298 2207 contemne
319 2145 424 2206 samam
447 2178 488 2188 -
512 2145 588 2204 lama
609 2144 657 2204 rix
679 2145 855 2219 temtaret,

137 2230 225 2311 peius
247 2230 371 2290 merenti
394 2229 500 2290 melior
522 2238 551 2290 et
572 2228 657 2309 peior
678 2229 769 2290 bono.

137 2323 318 2394 temptemus
340 2314 470 2375 animum
493 2314 607 2398 tristem
631 2322 660 2375 et
682 2313 906 2376 intractabilem.

138 2418 222 2460 meus
245 2399 300 2461 iste
322 2399 406 2460 labor
427 2408 472 2460 est
494 2399 613 2477 aggredi
636 2399 772 2463 iuvenem
793 2400 889 2460 ferum

97 2505 100 2515 ·
137 2495 326 2563 mentemque
348 2502 466 2565 sacram*
484 2483 604 2545 flectere
625 2483 745 2546 immitis
767 2484 831 2545 viri.
929 2528 934 2538 .

429 2617 577 2706 cnonvs
632 2663 635 2668 ,

290 2720 359 2781 Div'a
381 2739 443 2782 non
467 2720 529 2781 miti
552 2730 690 2799 generata
712 2728 817 2801 ponto,

223 2823 310 2884 quam
333 2812 415 2866 vocat
438 2813 560 2866 matrem
582 2805 719 2885 geminus
742 2805 866 2885 Cupido,

223 2890 371 2969 impotens
393 2889 518 2950 flammis
540 2889 628 2951 simul
650 2898 680 2951 et
701 2890 825 2969 sagittis,

223 2975 278 3036 iste
299 2975 425 3036 lascivus
447 2992 523 3055 puer
545 2982 574 3035 ct
595 2975 736 3036 renidens

221 3059 280 3120 tela
302 3078 390 3140 quam
412 3067 493 3121 certo
514 3059 685 3120 moderatur
704 3059 791 3121 arcul

222 3162 284 3206 non
306 3143 394 3206 habet
415 3144 501 3207 latam
525 3145 590 3206 data
611 3144 697 3225 plaga
717 3145 856 3220 frontem,

135 3312 204 3365 haud
223 3313 357 3381 qnisquam
374 3312 406 3364 ad
424 3313 504 3364 idtam
521 3313 595 3367 facile
612 3313 726 3367 revocari
743 3318 835 3382 potest.

135 3381 228 3433 labitur
246 3386 314 3434 totas
331 3381 400 3433 furor
418 3381 443 3433 in
462 3381 587 3434 medullas

134 3447 195 3516 igne
212 3449 306 3502 furtivo
323 3449 464 3516 populante
482 3464 569 3503 venas.

1166 2778 1211 2865 nu

1167 3069 1212 3120 278

1168 3155 1211 3206 tet

1171 3323 1213 3364 264

1168 3391 1209 3433 att

221 3604 269 3654 248
288 3601 370 3669 ipsam
388 3604 412 3653 A
487 3605 537 3656 249
554 3615 601 3670 par
618 3617 639 3654 s.
658 3602 684 3653 u
758 3604 808 3655 260
826 3601 930 3668 ingenio
949 3601 982 3664 Ε,
999 3602 1047 3652 eod
1064 3618 1134 3654 corr.
1152 3604 1211 3654 lm.

136 3672 186 3723 266
203 3669 270 3721 ultra
288 3685 346 3722 reor
362 3670 387 3721 Ε
456 3673 505 3724 261
523 3676 586 3737 poet
602 3686 627 3723 a.
641 3669 692 3723 266
709 3672 830 3736 reposuit
849 3669 1007 3722 Gronovius.
1025 3698 1060 3709 -
1077 3682 1137 3723 nvn.
1157 3685 1212 3736 pro,

136 3738 261 3790 castitatis
279 3739 304 3788 A
322 3738 472 3806 (Phaedrae
489 3744 529 3790 eet
544 3739 579 3803 Ε)
649 3740 699 3792 262
717 3738 784 3790 sinet
801 3741 820 3802 ς
889 3741 940 3792 264
958 3754 1008 3792 om.
1027 3738 1098 3803 ςίά)
1116 3739 1213 3789 delenit

136 3805 260 3871 Scaliger
333 3809 383 3861 266
401 3807 458 3874 quis
475 3809 501 3859 A
573 3808 623 3859 269
642 3807 827 3859 contemnet:
914 3809 965 3861 274
982 3821 1086 3858 cuonvs.
1104 3820 1212 3858 anessa}

135 3940 248 4006 Botbius

135 3877 174 3925 aio
191 3875 216 3926 Ε
274 3878 324 3930 277
338 3890 402 3943 puer
419 3890 477 3928 acre
494 3875 577 3928 nitens
595 3876 621 3926 A
677 3877 726 3929 278
744 3875 869 3927 iaculatur
885 3875 911 3926 A
972 3878 1030 3928 279.
1047 3877 1098 3929 280
1117 3875 1213 3926 dolavit
