2580 4366
530 238 670 280 vrnoroue
1079 223 1139 285 385

172 389 212 452 36
256 387 292 448 orl
308 387 467 448 Fortunam
483 407 543 449 non
560 387 652 467 ipsam
669 398 867 462 corruentem,
890 389 941 450 sed
956 389 1067 469 impetu
1084 409 1139 451 suo

63 475 184 535 domurn
207 472 389 552 stirpemque
405 472 505 534 Claudi
528 480 705 534 evertentem
721 492 781 534 non
805 473 927 552 quadrat
950 475 1028 553 qnod
1051 475 1139 536 eRu-

63 557 215 639 phelengii
244 557 414 619 coniectura
443 566 621 636 receperunt
642 558 808 619 Gronovius
837 558 959 620 Bothius
982 559 1139 622 Richterus

63 643 197 705 labantis.
236 643 315 721 quod
338 642 476 703 traditum
492 651 535 704 est
550 643 663 704 latentis
680 652 712 704 ut
727 650 806 704 reete
829 644 966 705 traditum
983 644 1030 720 sit,
1053 645 1138 706 dubi·

63 728 186 791 undum
209 728 265 788 erit
287 727 323 788 de
346 727 492 802 Fortuna;
521 735 588 806 apte
611 728 690 788 enirn
712 728 791 789 ultor
817 728 922 807 aliquis
949 729 1072 790 daemon
1096 729 1140 790 oi-

63 820 183 875 ceretur
204 807 387 875 λανθάνειν
404 806 464 875 ὗπ’
483 805 572 895 ὄλβῳ
588 817 635 895 τῷ
651 807 802 896 offertur:
827 833 886 874 non
909 821 976 893 apte
998 814 1139 891 Fortuna,

63 915 141 977 quae
164 915 225 958 non
248 904 293 958 est
314 897 388 957 rnalo
403 897 543 973 Fortuna,
567 898 617 958 sed
640 897 693 958 deo
716 897 860 959 bonorum
884 918 977 978 aeque
992 918 1025 959 au
1048 899 1139 961 malo-

62 999 131 1044 rum
147 990 259 1043 auctor.
297 982 427 1060 eoquod
451 982 594 1062 proposui
617 991 646 1043 et
668 1001 773 1043 sensus
789 983 903 1045 restitui
919 991 948 1044 et
970 985 1138 1064 corruptela

62 1067 149 1127 troile
171 1065 310 1146 explicari
335 1066 457 1128 viderur.

154 1188 212 1248 100
256 1185 403 1246 tolerando
424 1189 553 1265 utrumuis
573 1189 679 1266 potiar,
700 1185 778 1247 hortu
799 1205 935 1266 umquem
956 1197 1059 1267 queunt

260 1272 319 1331 nisi
338 1281 429 1332 morte
450 1273 529 1332 tristi
550 1282 648 1333 nostro
668 1271 753 1350 finiri
773 1270 858 1332 melu.
1065 1290 1068 1296 ·

62 1352 139 1414 nihil
167 1353 216 1415 hie
245 1363 418 1434 corruptum
448 1374 513 1417 esse
540 1357 693 1436 sequentia
715 1356 831 1416 docent.
869 1356 926 1417 hoo
948 1358 1027 1417 enirn
1050 1356 1144 1420 dioitz.

63 1438 196 1517 quamvis
212 1457 287 1519 quae
303 1439 398 1518 potior
419 1440 490 1501 ferri
511 1442 636 1519 possint,
661 1452 757 1503 tornen
774 1440 804 1501 in
821 1441 874 1501 hae
890 1459 989 1502 rerurn
1006 1459 1137 1502 nteururn

62 1521 188 1602 indigna
203 1523 377 1584 condicione
400 1525 512 1603 ingrata
527 1525 598 1585 mihi
615 1527 670 1587 vita
693 1532 751 1598 est;
776 1524 812 1585 de
834 1525 955 1586 meliore
972 1544 1039 1587 vero
1060 1535 1136 1587 stutn

63 1606 135 1667 olim
159 1608 259 1670 tuturo
283 1627 405 1689 prorsus
428 1617 495 1689 post
510 1610 621 1672 seelera
643 1611 691 1670 nra
712 1609 938 1688 desperandum.
976 1629 1047 1689 ergo
1063 1612 1137 1672 mala

61 1709 138 1768 mea,
162 1693 274 1754 etiarnsi
297 1702 421 1755 rnortern
445 1694 506 1773 ipso
523 1715 582 1756 non
606 1696 737 1769 atterant,
761 1696 849 1755 tinem
872 1704 968 1756 tarnen
985 1695 1039 1756 nisi
1057 1715 1137 1756 rnor-

65 1786 125 1837 tem
149 1777 264 1839 nullum
287 1778 446 1840 habebunt.

150 1897 211 1959 853
256 1895 416 1958 abstrahere
438 1903 543 1959 uostris
565 1901 711 1977 coniugem
733 1910 844 1960 teutone
866 1901 937 1959 toris

64 1979 101 2041 ef.
127 1979 190 2043 953
210 1999 317 2060 pareus
339 1993 419 2044 toruo
443 1981 566 2045 Neronis
610 1984 672 2046 698
694 2001 710 2044 o
733 1982 824 2064 quolr's
839 1983 912 2045 altos
934 1994 1039 2064 quorun
1057 2002 1140 2062 pres-

61 2067 129 2125 sisti
150 2075 228 2126 toros
271 2065 379 2141 (ovio.)
402 2067 463 2127 her.
490 2069 538 2142 15,
555 2069 616 2130 267
640 2087 690 2129 neo
712 2079 808 2130 tamen
829 2069 962 2146 r‘ndt'yner
980 2086 1035 2148 pro
1058 2077 1140 2129 tonte

60 2167 175 2210 nemore
196 2151 313 2228 ferrum
335 2156 461 2231 conr'uqe.

109 4049 207 4089 Senecae
224 4048 348 4096 tragoediae
363 4048 390 4089 ΙΙ,
