2580 4366
432 231 470 272 ns
492 230 707 272 assuescamus
729 231 855 273 cussus.
997 283 1000 289 ¹
1121 217 1178 277 175

137 378 158 441 in
175 389 336 461 argumenta
359 382 445 460 quale
460 381 652 461 Euripideum
675 381 748 441 illud
772 373 936 462 est‘uppsg
952 401 984 443 ea
999 382 1100 461 patius
1116 401 1180 444 esse

137 464 223 528 ridetur
243 485 329 546 quam
353 465 492 527 Horatius
515 465 625 526 indicat
648 466 670 539 1,
696 467 733 527 19

123 634 127 639 ,
203 624 206 630 ,
309 580 403 629 mater
424 587 508 629 saeua
532 567 707 647 Cupidinum

85 686 87 719 r
314 651 514 732 Thebanaeque
536 652 612 712 iuhet
633 671 677 712 ane
698 649 819 712 Semeles
836 671 912 732 puer

85 740 87 761 ²
311 749 337 798 et
360 737 464 799 lasciva
485 735 659 798 Licentia

85 830 88 905 ᾗ
305 821 403 901 finitis
424 826 556 883 aninum
576 823 693 882 neddere
714 821 910 895 amortausss)

85 912 88 983 f
143 945 165 1031 et
183 940 309 1100 septegrpia
339 959 399 1001 nou
428 940 520 1001 aliena
543 958 608 1000 esse
630 939 666 999 ah
688 937 839 1018 Euripidis
861 939 1025 1018 fragmento
1049 937 1179 1001 celeber·

141 1035 195 1083 ane
222 1027 238 1088 i
278 1027 289 1100 )

312 1104 345 1170 ln
368 1106 543 1191 πλησμονῇ
564 1128 619 1169 τοι
643 1103 781 1188 Κύπρις,
805 1104 1015 1171 lensensium
1033 1101 1066 1168 δ’
1084 1102 1179 1184 adn)

144 1234 200 1295 quae
217 1226 356 1306 mamutio
377 1232 498 1289 tractata
521 1226 610 1287 fuerit
627 1228 656 1286 in
677 1227 776 1305 priore
791 1226 951 1306 Hippolyta
968 1226 1079 1287 discere
1095 1235 1179 1306 pates

142 1322 167 1364 ex
183 1311 285 1372 verbosa
305 1312 434 1372 Senecae
457 1311 628 1390 paraphrasi
644 1330 700 1388 qua
718 1313 817 1372 nutrix
833 1312 992 1372 Phaedram
1009 1312 1181 1372 cohortatur

142 1404 172 1450 ue
188 1395 279 1459 callum
303 1395 408 1457 subdat
429 1395 554 1470 libidini,
577 1415 602 1456 v.
627 1398 688 1460 202
711 1415 772 1474 sq.:

312 1533 389 1575 vana
410 1517 465 1574 ista
488 1514 600 1575 demens
621 1518 736 1575 ant’mns
758 1515 875 1574 adscivit
896 1513 953 1573 sihi

317 1598 482 1678 Venerisque
502 1616 610 1658 numen
630 1598 719 1677 findit
741 1609 823 1678 atque
845 1617 929 1659 arceas
951 1600 1004 1659 dei.

314 1687 437 1763 quisquis
459 1683 587 1743 secundis
608 1683 692 1743 rehrcs
713 1683 824 1744 anacltut
848 1687 934 1743 nanis

311 1769 431 1848 fluitque
453 1766 536 1840 luau,
559 1785 668 1846 sencpcr
690 1768 807 1828 insolita
828 1771 943 1846 appetit.
956 1769 992 1840 ¹⁹)

313 1863 379 1913 tacnc
400 1853 452 1913 illa
473 1870 596 1930 nequae
618 1853 682 1913 dira
704 1855 841 1931 fcrtacnac
863 1869 952 1913 canes

312 1937 388 1998 sathc't
410 1937 421 1996 l
427 1941 439 1996 i
446 1936 543 1997 hida:
571 1954 631 1996 nan
648 1936 761 2015 placent
782 1948 879 1998 suetae
901 1937 992 2015 dapes,

313 2039 371 2082 nan
393 2031 463 2082 tecta
485 2025 552 2082 sani
571 2025 660 2081 naris
681 2034 733 2082 aut
754 2021 820 2082 vilis
842 2022 928 2081 cibus.

313 2125 365 2166 nar
385 2112 416 2167 in
434 2117 550 2185 penates
570 2111 669 2166 caricis
691 2117 787 2166 tenaces
809 2106 884 2167 sulit

312 2190 378 2252 haec
400 2190 533 2251 delicatas
554 2190 660 2268 elipens
678 2195 766 2270 pestis
788 2187 907 2252 domas?

313 2293 363 2336 cctr
384 2286 481 2336 sanna
499 2279 601 2354 parcis
621 2275 730 2336 habitat
752 2279 783 2336 c'n
806 2279 885 2336 tectis
909 2272 1000 2336 Venias

300 2361 489 2439 mediumque
510 2379 595 2420 sanas
616 2360 718 2438 vulqus
739 2361 867 2439 adfectus
890 2370 963 2420 tenet

313 2455 338 2504 et
359 2463 387 2505 se
409 2456 533 2505 camaena
553 2443 687 2507 medica?
717 2455 814 2505 cantra
837 2447 936 2505 diuites

312 2546 452 2610 nequaque
472 2529 544 2606 sulti
560 2529 649 2608 planu
671 2548 756 2610 man
778 2532 825 2608 fas
847 2539 886 2590 est
905 2527 1029 2608 petunt?
1053 2549 1078 2589 e.
1096 2548 1124 2608 q.
1141 2547 1164 2589 s.

107 2626 202 2712 at(ilie
222 2647 274 2724 irg.
299 2649 360 2709 440
389 2647 508 2726 quidem
530 2645 587 2707 iam
610 2647 783 2708 Welcherus
805 2648 840 2708 ad
863 2647 920 2707 hcc
941 2647 1089 2707 Phaedrae
1112 2665 1179 2708 cum

108 2720 227 2798 Putria
255 2732 446 2810 conloquium
477 2732 589 2792 rettulit
610 2736 651 2812 (p.
675 2734 765 2809 738);
795 2732 909 2811 qualem
935 2749 1069 2792 scaenam
1094 2732 1178 2792 etiam
1229 2797 1232 2801 ,

109 2806 136 2854 ¹¹¹
168 2810 321 2896 Hippolyta
350 2816 451 2896 priore
480 2816 610 2877 extitisse
638 2817 694 2877 iam
720 2815 840 2878 Ovidius
870 2828 900 2879 et
921 2817 1033 2878 Seneca
1055 2817 1180 2879 invicem

112 2881 265 2973 ‘jesseicae
308 2901 338 2961 in
363 2902 531 2963 coronileru
554 2909 649 2962 aulem
673 2901 831 2981 Euripides
858 2902 892 2962 ad
915 2902 1036 2962 eandem
1059 2909 1180 2963 senlen-

114 2972 185 3042 lfflm
204 2987 289 3048 semel
313 2986 424 3046 adludit
447 2990 484 3062 (v,
507 2988 581 3061 409)

119 3100 311 3132 *Β

202 3184 230 3250 Π)
246 3186 277 3240 ci.
299 3185 429 3238 Glaudiau.
455 3192 528 3253 nupt.
550 3185 614 3238 Han.
638 3190 664 3238 et
686 3186 748 3238 Mar.
767 3202 791 3237 v.
810 3188 843 3239 54
863 3189 898 3252 (p.
920 3187 1014 3249 1031.)
1039 3185 1182 3235 Lumtriae
1245 3217 1250 3222 1

129 3233 260 3324 ancrtqne
277 3260 363 3306 uacat.
400 3257 432 3307 78
451 3255 547 3317 dicha
566 3270 668 3307 nemore
685 3253 800 3318 Veneris)
819 3255 924 3305 habital
940 3254 1015 3305 nulla
1035 3255 1180 3304 constricta

132 3301 233 3371 licenda
250 3322 328 3373 noda.
362 3320 394 3372 iV
411 3320 475 3374 Han.
494 3324 543 3374 263
561 3323 706 3389 suadetque
724 3321 845 3372 Licentia
865 3321 967 3372 lunum.

204 3385 232 3452 ¹¹)
247 3389 313 3456 quad
332 3402 363 3440 ex
374 3388 468 3441 Achaei
487 3390 580 3457 satyris
589 3391 706 3441 Aethone
722 3391 862 3452 (πεινῶσιν
874 3385 928 3455 γὰρ
942 3385 957 3450 ἡ
970 3384 1075 3454 Κύπρις
1087 3381 1183 3453 πικρά)

85 3472 89 3555 q
136 3438 254 3561 ἱξιὶμὶᾱιω
272 3458 410 3535 sumpsisse
428 3472 484 3508 cum
504 3457 565 3508 dicit
582 3457 727 3538 Athenaeus
745 3458 806 3521 (270
824 3455 869 3522 B),
892 3455 1055 3523 Euripideum
1080 3470 1185 3522 quaque-

85 3558 90 3583 *
169 3526 280 3653 mellull.
297 3530 422 3659 esesputqrps
436 3523 598 3652 lllelgdeall.
611 3526 689 3645 fallll.
709 3595 756 3646 561
777 3595 818 3657 (ex
835 3590 973 3653 Phaedrei:

314 3680 471 3743 niumagun
489 3681 584 3728 meniis
602 3678 715 3729 hlaudue
734 3682 814 3743 atque
832 3679 917 3727 animi
934 3677 1009 3727 calar

314 3761 390 3795 amar
407 3752 452 3808 est,
471 3749 578 3796 iuuenta
595 3750 729 3812 gignitur,
748 3746 823 3807 lanu,
842 3747 905 3805 alia,

247 3862 249 3866 .
314 3817 437 3864 nutritur
454 3816 525 3864 inter
543 3815 613 3864 laeta
631 3815 760 3875 fortunae
778 3813 857 3862 hana.

247 3900 250 3907 ·
315 3896 390 3945 quem
408 3884 433 3931 ei
448 3879 539 3942 sanein
557 3886 636 3945 alque
654 3881 726 3931 alere
744 3879 864 3942 desistas,
883 3878 956 3928 cadit

316 3949 439 4013 brevique
456 3952 525 4000 uires
541 3949 633 4015 pet-dii
649 3950 783 3998 enlinclus
805 3961 875 3997 snas.
