2580 4366
554 222 672 266 omnibvs

75 372 127 452 qui
149 390 216 432 saxa
238 372 316 434 dulei
340 372 427 433 traxit
447 372 595 452 Amphion
617 391 707 448 sono;

74 457 212 537 interque
234 466 319 518 natos
341 457 471 518 Tantalis
493 459 611 519 tandem
633 477 705 520 suus

75 551 139 604 tntu
162 542 289 621 superba
310 544 369 602 lert
391 551 479 622 eaput
500 545 577 605 festu
600 561 687 622 grave

74 638 105 688 et
126 635 263 705 numerat
283 628 411 688 umbras.
455 627 541 707 peior
561 629 617 689 hae
640 629 774 707 genetrix
795 629 877 691 adest

74 712 233 773 furibunda
256 714 365 791 Agaue,
387 719 448 773 tuta
470 731 557 793 quam
579 714 715 792 sequitur
735 730 842 775 manns

73 796 179 876 partite
202 815 318 876 regem:
342 796 477 876 sequitur
498 805 529 859 et
547 799 676 859 Bacchas
697 798 777 859 laeer

73 880 224 942 Pentheus
245 891 385 960 tenetque
407 901 510 944 saevus
532 884 619 944 etiam
642 901 725 944 nune
745 882 850 944 mines.

73 966 191 1027 tandem
213 975 333 1028 meatus
354 985 442 1046 saepe
464 967 670 1046 pudibundum
693 967 797 1029 extulit

74 1059 163 1129 eaput
184 1060 273 1130 atque
295 1051 330 1112 ab
354 1051 434 1113 omni
456 1052 577 1114 dissidet
598 1051 684 1115 turba
707 1053 812 1132 proeul

75 1137 211 1215 celatque
234 1145 326 1198 semet
348 1138 448 1213 (instat
470 1145 500 1198 et
520 1137 635 1216 Stygias
656 1155 761 1217 preses

73 1221 203 1300 geminat
224 1222 371 1297 sacerdos,
394 1222 489 1283 donee
503 1222 541 1282 'in
564 1230 699 1303 apertum
721 1222 821 1284 efferet

72 1305 171 1368 vultus
195 1308 325 1384 opertos)
348 1307 500 1367 Laius-
521 1307 575 1368 lari
597 1308 721 1368 horreo:

72 1391 154 1452 stetit
175 1409 229 1470 per
250 1399 331 1453 artus
353 1392 498 1471 sanguine
519 1392 614 1454 effuse
639 1392 789 1467 horridus,

72 1475 202 1556 paedore
223 1475 310 1535 loede
333 1476 493 1554 squalidam
517 1477 651 1538 obtectus
674 1495 797 1551 comem,

74 1570 104 1621 et
125 1578 176 1620 ere
198 1560 299 1621 rabide
320 1562 414 1621 latur:
458 1560 494 1622 ‘0
518 1558 616 1622 Cadmi
638 1561 738 1635 edera,

72 1663 180 1706 eruere
202 1663 320 1724 semper
341 1647 413 1706 laeta
437 1654 561 1722 cognate
584 1646 699 1721 domus,

72 1729 184 1790 vibrate
205 1731 332 1808 thyrsos,
355 1730 461 1791 enthea
483 1738 568 1790 natos
588 1749 679 1791 manu

72 1815 199 1876 lacerate
221 1815 321 1894 potius
342 1849 384 1859 -
406 1815 566 1876 maximum
587 1815 696 1878 Thebis
717 1813 816 1876 scelus

72 1908 225 1962 maternus
247 1917 330 1960 amer
352 1908 405 1960 est.
449 1901 552 1980 patria,
573 1917 636 1961 nen
656 1899 698 1960 ira
720 1900 819 1971 deum,

74 1985 126 2044 sed
148 1984 259 2045 scelere
281 1984 409 2064 raperis:
434 2003 495 2045 non
518 1985 597 2063 gravi
618 1983 690 2046 lietu
711 1983 765 2045 tibi

72 2069 221 2130 luctificus
243 2070 350 2131 Auster
372 2088 428 2130 nec
451 2087 555 2149 perum
577 2068 677 2149 pluvie
699 2068 816 2131 aethere

73 2154 174 2215 satiate
195 2153 284 2215 tellus
305 2154 396 2216 halitu
420 2155 499 2215 sicce
522 2163 619 2231 necet,

73 2238 125 2300 sed
148 2256 200 2299 rex
222 2248 375 2314 eruentus,
396 2239 491 2319 pretia
514 2240 564 2318 qui
587 2257 689 2300 saevae
710 2238 792 2327 neeis

74 2333 191 2403 sceptra
214 2334 243 2385 et
264 2323 407 2385 nefandos
428 2333 555 2404 occupat
574 2323 717 2386 thalamus
738 2323 841 2403 patris.

73 2408 167 2470 invisa
190 2408 304 2488 proles:
328 2409 379 2469 sed
402 2420 499 2470 tamen
522 2409 606 2488 peior
627 2427 736 2489 parens

73 2511 162 2571 quam
186 2501 283 2568 natus,
305 2503 389 2554 utere
412 2512 516 2555 rursus
539 2494 668 2556 inlauste
691 2494 795 2571 graue,

73 2578 194 2656 egitque
216 2578 248 2638 in
271 2587 354 2640 ortus
376 2588 469 2639 semet
490 2587 518 2639 et
540 2580 627 2640 matri
648 2579 756 2659 impius

71 2664 152 2723 fetus
173 2663 306 2741 regessit,
330 2664 441 2743 quique
461 2663 509 2724 vix
529 2681 595 2725 mos
616 2674 662 2725 est
682 2662 754 2724 ieris

74 2748 180 2808 iratres
202 2747 258 2808 sibi
281 2748 344 2826 ipse
367 2749 533 2827 genuit-
555 2748 730 2828 implicitum
752 2748 862 2810 malum

72 2832 226 2910 magisque
248 2842 414 2894 monstrum
437 2833 570 2912 Sphinge
591 2833 765 2912 perplexum
787 2851 850 2895 sus.

72 2927 113 2992 te,
135 2926 165 2977 te
188 2926 309 2978 eruenta
330 2927 445 2997 sceptra
468 2918 520 2996 qui
541 2918 641 2979 dextra
665 2918 752 2996 geris,

72 3012 103 3062 te
125 3012 210 3081 pater
230 3002 343 3064 inultus
364 3003 439 3064 urbe
461 3019 529 3063 eum
550 3010 611 3062 teta
633 3011 730 3081 pemm

73 3094 104 3147 et
126 3105 241 3148 meeum
264 3087 377 3166 Erinyn
399 3086 568 3167 pronubum
588 3086 706 3148 thalami
731 3086 855 3161 trahem,

72 3172 187 3232 traham
208 3171 225 3233 t
243 3183 381 3233 sonantes
403 3173 533 3247 verbera,
556 3173 697 3234 incestam
719 3171 840 3232 demum

72 3265 184 3316 vertem
206 3265 235 3317 et
256 3266 377 3336 penates
400 3257 490 3336 impio
513 3257 605 3318 ldarte
627 3256 768 3317 obteram.

72 3340 201 3421 preinde
222 3342 341 3422 pulsum
362 3342 472 3403 finibus
493 3359 593 3421 regem
616 3343 699 3403 euius

73 3477 277 3488 ——-..—-—

160 3545 210 3595 614
228 3542 300 3608 gssvi
316 3541 342 3593 Α
392 3542 601 3604 615h2e1at5
652 3543 700 3593 617
719 3539 823 3591 beeehls
841 3555 875 3590 ere
891 3538 1001 3591 beeebus
1019 3540 1145 3605 (sieAZ)

72 3624 144 3661 mass.
163 3626 214 3662 ree.
233 3610 258 3660 Ε
276 3609 401 3662 Bacchum
419 3614 438 3674 ς
455 3610 576 3674 (Aldina)
645 3612 693 3660 626
713 3607 831 3675 obtentus
849 3607 897 3661 ds
915 3622 985 3659 eurr.
1005 3612 1026 3670 ς
1093 3612 1143 3663 626

71 3677 183 3745 perstbee
200 3678 226 3730 li
311 3679 361 3731 um
378 3676 538 3729 mseerated'
619 3679 670 3728 634
687 3675 798 3743 praemis
816 3676 841 3726 Α
926 3677 976 3728 636
994 3675 1048 3742 egit
1064 3677 1145 3743 qnig

72 3745 195 3808 (Aldina)
265 3749 314 3799 639
334 3747 386 3808 vix}
404 3745 488 3798 neeA
555 3743 753 3811 641·spingell
821 3747 872 3797 644
890 3742 987 3810 erynim
1005 3745 1144 3812 psenubem

72 3814 98 3865 Ε
115 3812 216 3866 herines
248 3813 359 3866 rennbns
376 3815 402 3864 A
470 3817 519 3866 646
538 3812 689 3864 sonantisli
705 3815 838 3864 serentem
857 3810 1005 3863 Gronovius
1022 3817 1089 3864 teris
1106 3814 1145 3871 in·

70 3887 195 3934 senentes
239 3919 246 3933 .
265 3882 390 3933 Heinsius
407 3882 467 3935 adv.
484 3898 510 3948 p.
529 3881 578 3932 175
607 3884 637 3932 tr.
656 3880 769 3944 silentes,
785 3879 890 3932 verbere
908 3880 940 3930 de
953 3881 1144 3934 Wilamewiis.

70 3978 106 3989 —
123 3949 281 4014 incertum&

125 4050 221 4092 Senecae
234 4050 358 4101 tragoediae
376 4050 405 4092 11.
910 4052 940 4103 13
