2580 4366
134 190 196 253 266
518 206 544 247 n.
566 207 670 249 numm
691 207 816 251 sennem

136 376 211 437 quos
232 357 282 418 det
304 355 428 430 coleres,
449 355 536 418 verba
565 375 640 437 quae
662 358 776 438 primus
798 358 884 422 dulor

134 443 263 504 effundat
286 450 389 502 aut‘ut
411 441 516 521 spiritu
540 443 663 525 expulsu
685 453 809 524 stupens

134 546 244 608 corpus
265 527 400 605 rigescat.
444 526 557 587 fructus
579 527 628 589 hic
650 529 750 608 operis
772 530 829 590 mei
853 540 906 591 est.
1018 586 1021 591 .
1048 574 1052 581 .

134 613 276 673 miserum
297 612 395 672 videre
417 611 497 683 nelo,
520 613 570 673 sed
593 612 663 673 dum
685 613 719 674 fit
739 614 836 676 miser.

20 699 21 702 ’
135 707 235 778 aperte
257 696 347 757 multa
371 704 445 758 tecta
469 696 629 758 conlucent
648 698 721 760 face.

134 783 294 865 resupinus
314 782 378 862 ipse
400 801 549 863 purpurae
571 793 660 862 atque
682 802 754 845 auru
775 783 908 859 incubat,

132 869 202 928 rino
225 876 374 946 gravatum
396 867 522 929 [uiciens
543 867 622 928 laeva
644 878 742 948 caput.

135 961 257 1014 eructat.
301 971 388 1012 ome
411 953 546 1014 caelitum
570 953 811 1028 excelsissimum,

135 1056 239 1116 regum
261 1048 348 1118 atque
369 1039 485 1116 regenti
515 1047 581 1098 vota
605 1040 773 1100 transcendi
795 1058 870 1100 mea.

135 1133 216 1196 satur
238 1133 292 1193 est,
314 1124 413 1202 capaci
435 1123 516 1183 ducit
538 1131 660 1201 argente
683 1129 796 1186 merum
818 1158 862 1168 -

133 1226 171 1268 ne
193 1225 281 1287 parce
302 1217 392 1288 putu:
415 1216 508 1269 restat
530 1208 700 1269 etiamnunc
721 1228 811 1270 cruor

131 1301 178 1354 tet
199 1293 376 1367 hostiarum;
400 1293 506 1354 veteris
528 1294 609 1354 hunc
630 1293 738 1356 bacchi
759 1294 842 1355 celer

133 1378 293 1439 abscondet
314 1412 357 1422 —
377 1380 445 1452 hoc,
467 1379 525 1439 boc
546 1396 648 1439 mensa
671 1379 806 1441 cludatur
828 1380 952 1459 scypho.
1041 1400 1046 1419 .

135 1464 257 1525 mixtum
281 1481 402 1524 suorum
424 1463 597 1542 sanguinem
620 1464 738 1542 genitor
758 1464 854 1527 bibat:

134 1567 235 1610 meum
255 1548 388 1610 bibisset.
434 1567 512 1621 ecce,
534 1548 591 1609 iem
615 1559 719 1610 cantus
742 1550 797 1610 ciet

133 1635 280 1715 festasque
301 1652 388 1695 voees
410 1653 466 1695 nec
488 1633 557 1695 satis
579 1634 670 1697 menti
693 1634 827 1715 imperat.

446 1783 644 1847 THYESTES

285 1889 408 1950 Pectora
429 1887 527 1966 longis
552 1886 686 1949 hebetata
709 1887 803 1961 malis,

217 1975 273 2035 iam
298 1973 436 2034 sollicitas
458 1972 560 2052 penite
584 1991 678 2033 curas.

217 2059 310 2138 fugiat
331 2075 447 2119 maeror
468 2057 619 2136 fugiatque
642 2076 740 2137 pavor,

122 2167 129 2181 2
216 2144 309 2224 fugiat
331 2143 438 2223 trepidi
461 2160 559 2204 cemes
582 2142 660 2203 exilii

217 2229 308 2290 tristis
330 2240 443 2304 egestas
465 2226 614 2307 rebusque
636 2227 731 2305 gravis
878 2282 880 2291 ,

216 2313 313 2394 pudor
334 2313 466 2374 afflictis:
489 2315 582 2391 magis
604 2311 683 2373 unde
705 2312 791 2373 cadas
877 2336 880 2343 ·

218 2417 306 2478 quem
328 2417 386 2478 quo
409 2399 508 2478 refert.
552 2415 702 2475 magnum,
726 2416 761 2457 ex
783 2397 840 2457 alte

216 2482 345 2544 culmine
366 2483 481 2563 lapsum
505 2481 637 2542 stabilem
660 2482 691 2543 in
714 2482 803 2562 plane

216 2570 307 2646 figere
328 2586 477 2647 gressum3
500 2584 650 2644 magnum,
673 2567 786 2645 ingenti

158 2669 163 2681 ·
217 2664 314 2731 strage
336 2653 480 2713 malorum
503 2669 640 2732 pressum
663 2651 746 2713 tracti

216 2739 347 2819 pondera
369 2737 454 2817 regni
476 2756 536 2797 uon
560 2737 665 2798 inflexa

217 2823 330 2885 cervice
352 2823 412 2903 pati
436 2841 491 2884 nec
513 2823 689 2902 degenerem

215 2909 383 2989 victumque
406 2907 489 2969 melis
510 2916 624 2969 rectum
645 2907 797 2988 impositas

216 2995 294 3056 serre
315 2994 426 3054 ruinas.
470 2993 521 3054 sed
543 2993 600 3054 iam
623 2995 699 3053 saevi

217 3078 318 3140 nubila
340 3079 392 3139 iati
415 3076 548 3158 pelleae
571 3078 669 3138 miseri

219 3164 358 3244 temperis
381 3181 484 3224 omnes
506 3162 619 3223 dimitte
642 3171 742 3235 notas;

217 3250 339 3311 redeant
360 3248 458 3310 vultus
480 3248 515 3308 ad
538 3248 612 3308 laeta
633 3247 716 3322 beni,

215 3346 343 3395 veterem
365 3353 400 3395 ex
422 3333 520 3395 anime
543 3332 627 3392 mitte
648 3332 806 3410 Thyesten.
829 3363 870 3374 -

215 3418 369 3499 proprium
392 3420 450 3480 bec
471 3418 596 3478 miseros
618 3417 752 3496 sequitur
773 3415 884 3490 vitium,

216 3522 377 3584 numquam
399 3504 488 3566 rebus
511 3502 631 3564 credere
652 3501 752 3563 laetis:

216 3673 265 3723 9οἵ
284 3670 418 3724 ruvirum
435 3669 488 3722 vid.
507 3685 532 3720 n.
550 3669 576 3720 Ε
644 3671 694 3722 999
712 3664 823 3736 purpura
840 3667 866 3718 A
934 3667 983 3718 911
1003 3681 1027 3720 e.
1048 3683 1129 3722 omne
1146 3669 1206 3724 ecel.

132 3739 208 3790 codd.
225 3742 347 3790 commit
363 3739 496 3790 Aventius
583 3739 633 3789 912
651 3751 791 3804 regumque
808 3751 828 3788 r.
846 3735 872 3786 A
946 3736 997 3787 916
1014 3734 1068 3789 boc
1092 3739 1207 3805 ultum

132 3809 221 3870 σηις
289 3808 343 3859 ste
361 3805 477 3870 festaque
494 3806 519 3858 Ε
591 3807 641 3857 920
659 3804 765 3857 chorus.
787 3802 914 3870 Thyestes
936 3804 1103 3858 inscribitur
1127 3807 1153 3860 Ε
1174 3804 1207 3868 ef.

131 3872 220 3928 1.137
271 3876 407 3926 930-932
425 3872 575 3924 tritaetriE
626 3875 676 3924 935
694 3877 808 3938 tempere
825 3874 850 3922 in
869 3869 937 3922 omni
955 3870 981 3920 Ε
1034 3874 1088 3927 996
1108 3875 1206 3929 adbleta

129 3941 156 3992 u
223 3942 357 3993 sas-941
380 3941 509 4008 Thyestae
525 3927 706 4006 affigerentur
722 3942 747 3992 It*
