2580 4366
522 213 696 259 runnulsstu
749 207 753 210 ’

73 373 103 429 et
124 365 181 425 hoo
203 361 296 442 magis
319 370 357 438 tc,
380 363 507 441 genitor,
529 363 679 427 insontem
702 385 783 442 voca,

72 448 183 540 quod
175 466 321 509 innocens
344 466 375 509 es
398 447 443 508 dis
466 467 586 529 quoque
607 450 717 512 invitis.
761 451 832 530 quid
855 462 901 515 est

71 514 154 614 quiod
175 544 204 594 te
227 532 363 608 efferant,
386 533 467 612 quod
491 551 581 595 novos
604 554 639 597 su
641 535 749 599 [fixerit

70 617 207 681 stimulos
230 615 348 679 dolori?
371 618 442 697 quid
465 629 493 681 te
516 620 547 681 in
570 619 701 682 infernas
723 621 784 699 agit

70 705 172 778 sedes
196 702 268 783 quid
291 721 327 763 ex
348 703 395 764 his
416 701 523 782 pellit?
566 714 600 765 ut
621 723 722 766 careas
744 704 813 768 dio?

71 806 169 862 cares3
191 796 225 849 ut
247 786 311 848 altis
334 786 464 849 nobilem
486 789 581 850 muris
604 789 725 852 domurn

69 874 256 954 patriamque
277 869 396 949 fugias?
418 873 511 953 patria
534 873 586 936 tibi
609 875 672 934 vivo
698 875 791 955 perit3

71 967 157 1021 natos
178 957 257 1035 fugis
279 956 484 1036 matremque?
507 957 542 1019 ab
565 968 687 1040 aspectu
711 959 845 1022 omnium

70 1046 190 1106 fortuna
211 1051 242 1103 te
266 1043 432 1118 summovit,
456 1052 485 1103 et
507 1044 651 1123 quidquid
673 1054 772 1125 potest

70 1129 188 1191 auferre
211 1127 347 1206 cuiquam
371 1146 461 1204 mors,
485 1128 538 1191 tihi
554 1128 618 1190 hoc
639 1130 696 1191 vita
718 1130 854 1207 abstulit3

69 1213 156 1293 regni
179 1209 346 1273 tumultus?
369 1212 455 1273 turba
477 1214 613 1276 fortunae
634 1214 718 1295 prior

69 1297 214 1360 abscessit
234 1316 250 1357 a
272 1307 301 1357 te
323 1297 467 1358 iussa-
489 1316 588 1377 quem,
611 1300 738 1378 genitor,
760 1297 864 1379 sugis?

70 1401 167 1445 onore.
213 1382 259 1442 Me
282 1382 373 1459 fugio,
396 1382 478 1460 fugio
501 1383 655 1445 conscium
678 1385 823 1448 scelerum
846 1386 980 1448 omniurn

69 1478 185 1550 pectus,
208 1484 389 1545 manumque
411 1466 488 1528 hanc
509 1468 593 1546 fugio
615 1477 645 1530 et
666 1470 724 1530 hoo
745 1470 860 1532 caelum
882 1480 912 1534 et
933 1472 1013 1535 deos.

70 1571 125 1630 ego
148 1553 205 1613 hoc
227 1551 333 1627 solum,
356 1552 496 1630 frugifera
519 1570 578 1631 quo
601 1554 697 1632 surgit
719 1553 817 1630 Ceres,

69 1633 197 1719 premo?
220 1637 272 1697 has
295 1653 349 1713 ego
372 1655 458 1698 auras
481 1655 532 1698 ore
554 1638 697 1717 pestifero
717 1636 825 1701 traho?

70 1741 126 1802 ego
147 1721 241 1783 laticis
264 1723 371 1782 haustu
394 1722 485 1782 satior
506 1731 557 1784 aut
579 1722 641 1783 ullo
663 1723 748 1784 fruor

69 1809 163 1871 almae
185 1805 316 1887 parentis
338 1803 484 1867 munero?
508 1825 563 1885 ego
586 1815 693 1869 castam
717 1827 838 1871 manum

69 1892 216 1954 nefandus
237 1891 418 1951 incestificus
441 1891 628 1952 exsecrabilis

69 1974 216 2038 attracto?
239 1994 294 2054 ego
317 1975 393 2038 ullos
415 1995 487 2036 aure
509 1976 646 2056 concipio
668 1994 769 2053 sonos,

68 2081 124 2143 per
146 2079 221 2140 quos
243 2061 374 2139 parentis
397 2079 505 2121 nomen
528 2070 579 2122 aut
601 2062 661 2122 nati
683 2061 822 2125 audiam?

67 2149 183 2209 utinam
205 2145 324 2225 quidem
346 2146 514 2207 rescindere
536 2146 589 2208 has
612 2146 727 2226 quirem
750 2147 810 2210 vias

68 2231 266 2309 manibusque
288 2229 396 2292 adactis
418 2248 506 2292 omne
529 2249 587 2310 qua
608 2249 695 2293 voces
717 2243 816 2294 meant

69 2317 226 2394 aditusque
248 2315 344 2376 verbis
366 2316 482 2376 tramite
505 2324 631 2395 angusto
655 2325 736 2396 patet

68 2419 174 2464 eruere
198 2418 331 2480 possem:
357 2406 433 2476 nata,
455 2400 512 2466 ium
534 2419 655 2464 sensum
680 2403 734 2477 tui,

69 2506 145 2567 quae
168 2503 235 2565 pars
256 2503 393 2545 meorum
415 2505 446 2546 es
469 2485 637 2562 criminum,
659 2486 762 2547 infelix
784 2493 869 2567 pater

66 2572 220 2651 fugissem.
264 2570 398 2632 inhaeret
420 2589 454 2645 ac
476 2571 658 2633 recrudescit
680 2572 763 2635 nefas

68 2656 205 2730 subinde,
228 2664 258 2716 et
279 2674 366 2716 aures
388 2656 530 2733 ingerunt
552 2655 696 2736 quidquid
720 2656 792 2717 mihi

67 2741 209 2815 donastis,
233 2740 320 2801 oculi.
365 2759 418 2801 cur
441 2750 530 2820 caput
551 2741 682 2803 tenebris
706 2760 794 2820 grave

68 2845 131 2888 non
154 2824 237 2886 mitto
259 2825 295 2885 ad
318 2824 436 2886 umbras
458 2824 532 2887 Ditis
554 2823 710 2887 aeternas?
733 2827 805 2905 quid
825 2826 876 2890 hic

66 2928 170 2973 manes
193 2928 274 2970 meos
297 2906 453 2971 destineo‘i
476 2910 546 2988 quid
568 2918 676 2972 terram
703 2929 790 2990 gravo

67 2996 236 3073 mixtusque
258 2995 375 3076 superis
397 2992 487 3056 erro?
532 2995 602 3074 quid
624 3004 715 3058 restat
736 2995 828 3059 mali?

67 3097 194 3159 regnum
217 3087 356 3159 parentes
377 3078 473 3154 liberi,
499 3079 591 3141 virtus
613 3098 734 3160 quoque

68 3176 99 3226 et
121 3165 222 3243 ingeni
244 3164 373 3226 sollertis
395 3164 534 3226 eximium
557 3165 647 3227 decus

67 3249 194 3330 periere,
217 3261 322 3312 cuncta
346 3268 411 3310 sors
433 3249 504 3311 mihi
527 3250 634 3313 infesta
658 3248 791 3313 abstulit:

67 3438 94 3486 et
111 3433 164 3484 dira
183 3432 253 3500 fugio
271 3431 368 3484 scelera
385 3445 451 3498 quae
468 3431 517 3483 ieci
535 3431 658 3485 innocens
1092 3439 1141 3483 218

26 3643 30 3650 .
153 3602 228 3656 205
221 3601 310 3654 invisis
328 3602 353 3651 A
421 3603 471 3653 206
494 3616 519 3668 q
538 3616 654 3654 nonvos
672 3600 730 3653 suff.
747 3600 773 3651 Ε
835 3603 883 3653 207
902 3600 940 3670 in]
958 3601 1023 3667 αάς
1091 3603 1141 3656 213

66 3671 168 3737 haec&
236 3672 287 3724 214
304 3674 375 3720 rocta
393 3669 519 3720 distincit
535 3668 571 3722 N.
587 3669 713 3720 Heinsius
731 3668 790 3721 odo.
806 3685 833 3734 p
848 3669 990 3737 51(nutgo
1009 3669 1141 3736 tumultus,

67 3739 213 3800 turbat-
230 3738 331 3790 fortuna
349 3737 375 3788 In*
443 3738 493 3790 215
516 3737 590 3805 ate]
614 3741 672 3789 ante
696 3738 781 3790 A.-—
749 3735 916 3803 -iustag
970 3739 1020 3791 218
1045 3738 1142 3791 dolavit

67 3808 100 3860 do
119 3807 363 3861 Witamowitz—
380 3804 429 3858 feci
448 3806 580 3858 nocensA
649 3793 699 3861 226
716 3803 813 3885 quiem
831 3805 938 3859 measd
1004 3808 1054 3861 229
1073 3806 1142 3861 tacui

67 3877 127 3928 tm
143 3875 181 3927 tui
197 3874 259 3928 2m
268 3873 293 3925 12
345 3875 395 3926 230
414 3873 546 3926 criminum
564 3888 592 3926 es
605 3874 631 3925 A
659 3878 698 3926 est
715 3872 884 3927 cnmlnunrn'
900 3873 1141 3975 wnoaitbipaa'm

67 3946 117 3998 233
136 3941 250 4011 negastis
268 3941 335 3994 oculi
352 3943 378 3993 A
447 3943 497 3995 234
514 3941 610 3995 aeterni
626 3941 652 3995 Ε
