2580 4366
144 209 204 274 148
522 226 550 267 n.
573 224 679 268 unuani
701 224 828 267 sennenn

143 395 228 457 seges
249 376 299 437 illa
322 393 461 454 magnum
484 376 571 437 lenus
593 375 739 453 agricolae
762 375 841 436 dabit

145 478 350 542 quaecumque
371 460 456 522 laetis
478 468 579 522 tenera
601 461 730 522 luxuriat
750 461 830 538 satiS,

144 547 292 625 arborque
315 545 394 607 celso
417 546 525 607 vertice
548 545 662 607 evincet
684 564 790 607 nemus

144 649 232 711 quam
254 650 316 693 ncn
338 631 466 710 maligna
489 631 584 693 caedit
605 640 656 691 aut
677 639 792 692 resecat
812 648 936 692 manus:

144 716 262 797 ingenia
284 716 392 777 melius
414 724 493 778 recta
516 734 548 777 se
570 715 601 776 in
624 715 726 777 lautles
748 716 859 791 lerunt,

144 803 169 863 si
192 801 321 862 nobilem
344 801 475 862 animum
495 810 597 879 vegeta
619 800 740 862 libertas
761 801 821 862 alit.

145 886 333 948 truculentus
356 895 386 948 et
407 885 540 948 silvester
563 905 596 946 ac
618 886 692 947 vitae
715 885 828 947 inscius

144 970 257 1034 tristem
280 971 428 1033 iuventam
450 971 565 1032 Venere
587 970 702 1032 deserta
725 968 829 1032 coles?

144 1057 203 1118 hoc
224 1075 290 1118 esse
311 1075 422 1118 munus
444 1056 540 1118 credis
562 1055 707 1117 indictum
729 1056 809 1130 viris,

146 1152 179 1203 ut
200 1141 274 1202 dura
295 1141 431 1215 tolerent,
455 1141 593 1203 cursibus
616 1141 759 1202 domitent
781 1159 875 1219 equos

145 1234 176 1287 et
197 1245 279 1288 saeva
301 1226 378 1287 bella
400 1225 492 1287 Marte
514 1226 677 1304 sanguineo
701 1223 828 1305 gerent‘.l

146 1329 235 1390 quam
256 1311 334 1372 varia
356 1311 407 1372 leti
429 1330 538 1390 genera
561 1311 714 1372 mortalem
737 1310 859 1372 trahunt

146 1404 331 1477 carpuntque
354 1396 480 1471 turbam,
503 1405 614 1476 pontus
637 1405 667 1456 et
688 1397 800 1456 ferrum
824 1404 853 1456 et
875 1395 949 1456 dolil

37 1534 38 1539 ,
146 1481 197 1543 sed
220 1481 275 1542 ista
298 1482 400 1542 credas
423 1481 522 1542 desse:
548 1481 591 1542 sic
613 1488 704 1541 atram
727 1482 815 1557 Styga
957 1538 958 1546 ,

146 1567 203 1627 iam
226 1567 355 1645 petimus
377 1566 455 1628 ultro
479 1600 519 1610 -
543 1564 684 1626 caelibem
705 1566 793 1626 vitam
816 1566 923 1643 probet

146 1651 256 1714 sterilis
278 1651 431 1712 iuventus:
455 1651 513 1712 hoc
536 1651 602 1724 erit,
626 1651 770 1729 quidquid
792 1651 884 1725 vides,

146 1737 237 1798 unius
260 1736 322 1798 aevi
345 1737 433 1797 turba
456 1743 484 1796 et
507 1735 538 1796 in
561 1743 655 1796 semet
676 1745 752 1797 ruet.

145 1820 275 1902 providit
296 1820 346 1882 ille
369 1821 512 1882 maximus
533 1820 637 1881 mundi
660 1837 779 1900 parens,

148 1925 216 1969 cum
238 1916 297 1967 tam
320 1924 440 1985 rapaces
463 1913 599 1967 cerneret
621 1905 683 1966 Fati
706 1923 820 1981 manus,

147 2000 181 2052 ut
203 1992 308 2052 damna
330 2009 448 2071 semper
470 1990 573 2053 subole
595 1998 745 2069 repararet
767 2007 851 2050 nova.

147 2077 267 2138 excedat
289 2077 413 2153 agedum
436 2075 525 2136 rebus
547 2076 684 2137 humanis
706 2073 814 2151 Venus,

146 2180 221 2242 quae
244 2160 365 2241 supplet
386 2179 420 2221 ac
441 2160 569 2222 restituit
591 2159 764 2221 exhaustum
788 2177 898 2239 genus:

146 2246 226 2308 orbis
248 2244 355 2307 iacebit
377 2244 510 2324 squalido
533 2245 630 2324 turpis
652 2245 721 2319 situ,

145 2349 270 2392 vacuum
294 2331 358 2391 sine
381 2330 450 2390 ullis
472 2330 605 2410 piscibus
628 2329 716 2392 stabit
738 2347 819 2390 mare

147 2414 267 2494 alesque
290 2415 371 2475 caelo
395 2414 471 2476 derit
493 2425 522 2475 et
544 2415 624 2476 silvis
646 2415 718 2489 sera,

146 2499 219 2561 solis
242 2507 271 2560 et
292 2517 342 2560 aer
364 2499 483 2578 pervius
505 2500 600 2560 ventis
623 2500 687 2560 erit.

147 2585 274 2666 proinde
296 2584 371 2644 vitae
395 2603 522 2663 sequere
546 2591 680 2645 naturam
703 2578 824 2645 ducem:

146 2669 252 2732 urbem
276 2670 443 2748 frequenta,
467 2669 575 2730 civium
598 2678 716 2730 coetum
741 2669 815 2729 cole,

146 2773 222 2815 nire.
265 2753 331 2815 Non
355 2754 410 2814 alia
433 2757 525 2832 magis
548 2761 592 2815 est
613 2753 705 2815 libera
728 2763 758 2814 et
779 2754 849 2814 vitio
872 2771 976 2816 carens

147 2839 284 2918 ritusque
306 2839 411 2899 melius
435 2839 492 2899 vita
514 2857 591 2917 quae
611 2838 727 2919 priscos
751 2838 837 2914 colat,

148 2942 237 3004 quam
260 2942 336 3003 quae
359 2923 471 2985 relictis
493 2923 650 2984 moenibus
673 2922 758 2984 silvas
781 2931 867 2985 amat.

148 3028 210 3070 non
234 3010 316 3070 illum
340 3026 441 3070 avarae
463 3009 572 3069 mentis
593 3008 755 3069 inflammat
776 3008 862 3069 furor

149 3094 200 3174 qui
223 3113 255 3154 se
278 3093 383 3155 dicavit
405 3093 551 3154 montium
575 3093 722 3155 insontem
745 3094 833 3171 iugis,

148 3191 211 3240 non
234 3198 304 3240 aura
327 3178 431 3258 populi
455 3186 484 3239 et
505 3179 612 3257 vulgus
634 3178 758 3239 infidum
781 3177 878 3251 bonis,

148 3283 210 3325 ncn
234 3264 376 3344 pestilens
398 3262 515 3338 invidia,
539 3281 600 3325 non
622 3263 735 3341 fragilis
756 3263 854 3337 lavor3

148 3367 211 3411 non
233 3349 283 3410 ille
304 3366 397 3426 regno
420 3347 509 3409 servit
530 3357 582 3410 aut
603 3365 698 3425 regno
720 3348 879 3408 imminens

148 3451 239 3495 vanos
261 3435 393 3495 honores
415 3433 551 3512 sequitur
573 3443 623 3495 aut
644 3433 738 3495 fluxas
761 3451 842 3513 opes,
925 3459 928 3464 ·

149 3586 354 3597 ——--

234 3686 284 3735 457
303 3683 399 3735 evincit
416 3685 440 3734 A
496 3685 546 3737 461
566 3682 609 3752 ac]
628 3688 654 3736 et
671 3682 696 3734 A
757 3685 807 3736 462
826 3681 926 3734 colisA
994 3687 1055 3746 poet
1073 3685 1123 3735 465
1143 3683 1226 3734 collo-

139 3753 211 3801 ·eaai
227 3765 251 3802 v.
268 3751 406 3804 ars-480
422 3753 455 3818 (υ.
473 3752 613 3804 aee-468
629 3758 690 3818 poet
707 3767 730 3802 a.
747 3752 799 3802 476
815 3755 944 3816 posuerat
961 3747 1110 3814 llioliterus)
1175 3754 1224 3803 477

149 3816 196 3870 sed
216 3818 267 3869 fata
286 3820 363 3874 codd.
385 3824 496 3871 corraei
552 3824 601 3875 467
621 3819 667 3871 lati
684 3819 766 3871 minas
783 3820 808 3871 A
859 3820 910 3871 468
928 3818 1018 3870 sobole
1035 3818 1067 3882 ll,
1085 3818 1133 3869 sed
1148 3823 1226 3884 prior

127 3900 219 3937 eece
236 3902 253 3937 u
269 3886 330 3939 2m.
383 3890 433 3940 470
452 3888 569 3941 restituet
585 3887 618 3940 Il.
636 3915 670 3926 -
688 3886 824 3938 humanum
843 3885 963 3952 genusA
1014 3889 1064 3938 472
1083 3885 1141 3939 ullis
1160 3888 1226 3940 clas-
1264 3926 1269 3935 ,

150 3952 220 4008 sibus
239 3954 316 4006 codd.
334 3958 462 4019 coariani⁸
510 3958 561 4010 482
579 3959 667 4008 coetus
684 3957 710 4006 A
778 3957 828 4007 490
850 3953 967 4006 imminet
983 3954 1008 4003 Α
