2580 4366
522 198 700 251 rnonutsstu'

70 356 129 415 hoe
151 355 280 435 populus
304 356 411 433 omnis,
433 367 559 436 utraque
580 358 639 418 hoe
660 358 731 419 vidit
752 377 838 421 soror

70 440 264 520 genetrixque
285 441 357 502 ridi:
382 460 450 502 nam
472 453 554 522 pater
577 442 662 504 debet
685 443 739 504 sihi

70 526 150 603 quod
172 526 227 586 ista
250 545 312 587 non
335 528 474 606 spectauit
497 560 539 573 -
561 537 697 589 ooeurrat
719 528 773 589 tibi

70 629 153 671 nune
176 608 318 698 Oedipus,
342 630 401 691 quo
423 608 521 674 iudice
544 613 654 673 erroris
676 631 796 692 quoque

69 714 184 775 poenae
207 706 360 775 petuntur.
405 717 452 774 ne,
474 715 591 777 precor,
613 699 693 759 ferro
717 716 788 773 erue

69 783 194 859 patriam
217 800 251 842 ae
273 788 395 860 penates
418 802 500 858 neve,
525 801 598 862 quas
620 801 724 861 regere
747 785 869 864 expetis,

70 873 167 926 everte
189 866 315 929 Thebas.
360 867 426 946 quis
449 879 531 929 tenet
552 877 681 929 mentem
703 867 810 930 furor?

69 950 198 1030 petendo
221 952 346 1031 patriam
369 950 491 1031 perdis?
514 960 548 1013 ut
570 953 620 1014 fiat
642 961 702 1028 tua,

69 1035 113 1096 ris
136 1053 200 1096 esse
223 1034 357 1097 nullam?
380 1036 453 1116 quin
476 1046 544 1098 tuae
566 1055 671 1100 causae
693 1049 782 1100 nocet

70 1119 170 1200 ipsum
192 1121 249 1182 hoe
272 1121 462 1200 quodannis
485 1123 548 1183 uris
570 1122 686 1184 infestis
707 1123 803 1184 solum

71 1213 246 1284 segetesque
268 1206 381 1268 adultas
407 1207 516 1268 sternis
539 1217 568 1267 et
589 1216 668 1270 totos
690 1209 788 1285 fugam

70 1290 134 1350 edis
156 1310 211 1370 per
232 1309 333 1368 agros:
358 1311 445 1353 nemo
469 1293 512 1353 sio
534 1301 625 1356 vastat
647 1311 715 1368 sua;

70 1393 146 1453 quae
169 1377 279 1455 corripi
301 1377 381 1455 igne,
404 1395 479 1456 quae
501 1378 571 1439 meti
594 1378 690 1455 gladio
712 1377 797 1439 iubes

68 1460 164 1521 aliena
187 1461 293 1522 eredis.
336 1481 389 1523 rex
411 1462 449 1523 sit
471 1482 506 1524 ex
528 1462 610 1524 vobis
633 1471 708 1538 uter,

68 1554 209 1606 manente
230 1564 322 1623 regno
346 1547 486 1625 quaerite.
531 1547 603 1608 haee
625 1548 691 1609 telis
714 1548 790 1627 petis

68 1630 254 1711 flammisque
276 1630 375 1692 tenta?
397 1633 509 1712 poteris
532 1632 584 1693 has
607 1632 782 1712 Amphionis

69 1733 209 1793 quassare
231 1714 346 1777 moles?
368 1718 449 1778 nulla
472 1735 544 1796 quas
567 1718 673 1779 struxit
694 1735 800 1778 manus

68 1800 213 1862 stridente
234 1801 350 1862 tardum
372 1802 508 1863 maehina
530 1803 641 1863 duoens
664 1820 752 1879 onus,

68 1885 121 1945 sed
144 1894 322 1947 convocatus
344 1887 424 1948 voeis
447 1898 476 1948 et
498 1887 626 1948 citharae
648 1905 723 1948 sono

69 1989 126 2049 per
148 1990 179 2031 se
202 1971 266 2050 ipse
289 1991 418 2033 summas
441 1972 521 2033 venit
542 1971 574 2033 in
595 1984 694 2033 turres
715 1971 804 2050 lapis:

68 2055 143 2116 haee
165 2075 233 2116 saxa
255 2055 397 2137 franges?
419 2059 513 2118 vietor
534 2056 605 2118 hino
627 2056 721 2135 spolia
742 2056 858 2118 auferes

67 2139 242 2220 uinctosque
265 2142 354 2203 duces
377 2142 468 2221 patris
491 2142 627 2220 aequales
650 2141 703 2218 tui,

68 2234 238 2305 matresque
259 2226 295 2286 ab
317 2227 383 2306 ipso
407 2228 567 2305 coniugum
590 2234 688 2306 raptas
710 2225 778 2287 sinu

68 2328 172 2370 saevus
195 2321 297 2371 eatena
318 2312 403 2372 miles
425 2313 561 2392 imposita
584 2309 702 2373 trahet?

67 2395 167 2456 adulta
188 2395 280 2472 uirgo,
304 2397 391 2457 mixta
415 2398 528 2476 captivo
552 2398 644 2477 gregi,

67 2479 209 2541 Thebana
230 2481 356 2541 nuribus
378 2501 488 2543 munus
510 2483 655 2560 Argolicis
678 2480 747 2544 eat?

67 2583 107 2624 an
131 2575 159 2626 et
180 2565 254 2644 ipsa,
277 2566 388 2645 palmas
410 2567 505 2628 vineta
527 2576 596 2647 post
616 2576 732 2645 tergum
756 2567 845 2641 datas,

67 2657 163 2710 mater
183 2650 327 2729 triumphi
349 2652 458 2730 praeda
479 2653 602 2714 fraterni
623 2649 735 2713 vehar?

67 2743 195 2813 potesne
218 2734 294 2796 cives
316 2737 376 2797 leto
399 2746 428 2798 et
449 2737 537 2797 exitio
564 2738 645 2798 datos

67 2819 167 2879 videre
189 2819 323 2899 passim?
346 2821 502 2883 moenibus
526 2823 601 2883 euris
624 2831 709 2901 potes

67 2905 184 2965 hostem
206 2905 375 2981 admovere,
398 2907 543 2985 sanguine
566 2916 594 2968 et
615 2908 732 2967 flamma
753 2914 837 2985 potes

67 2989 193 3067 implere
217 2989 436 3053 Thebas?ta1n
459 2993 541 3053 serus
564 2992 670 3053 durum
694 2991 772 3070 geris

68 3092 247 3153 saevumque
270 3076 381 3137 inires
404 3074 532 3156 peetus?
555 3086 584 3139 et
606 3076 739 3138 nondum
763 3075 890 3154 imperas
912 3108 954 3117 —

69 3158 142 3237 quid
164 3169 278 3239 sceptra
302 3160 433 3223 sacient?
481 3181 560 3242 pone
582 3180 732 3237 vaesanus,
755 3178 872 3238 preoor,

68 3243 160 3303 animi
182 3253 314 3306 tumores
336 3256 424 3326 teque
446 3248 548 3327 pietati
569 3248 657 3308 refer.
1098 3250 1144 3302 585

68 3347 135 3388 ron.
180 3328 216 3389 Vt
236 3332 382 3410 profugus
404 3329 522 3393 errem?
544 3349 662 3412 semper
685 3338 717 3392 ut
739 3329 832 3409 patria
853 3343 952 3389 arcear

70 3465 274 3474 ω*-

156 3533 358 3597 551utramque
381 3530 406 3580 E
429 3533 550 3582 eorreceit
569 3532 695 3597 Per'perur
717 3529 805 3596 suppl.
822 3545 865 3596 pr.
885 3543 914 3593 p.
936 3528 972 3580 33
989 3530 1016 3579 et
1032 3525 1143 3594 populus

69 3598 154 3650 omnis
172 3606 197 3649 et
216 3606 322 3665 utraque
340 3599 390 3650 hoe
405 3614 430 3652 v.
443 3614 464 3652 s.
478 3601 503 3648 A
572 3602 621 3652 552
639 3598 705 3650 vidit
722 3597 798 3650 codd.
814 3598 936 3649 corrosit
953 3597 975 3648 1.
994 3595 1144 3647 Gronovius

69 3669 119 3718 561
145 3665 248 3718 adustas
267 3669 291 3716 A
372 3670 421 3720 564
440 3682 454 3718 e
471 3667 531 3718 vob.
548 3669 574 3718 A
642 3670 691 3720 565
711 3670 783 3734 petes
801 3666 826 3716 A
906 3667 956 3717 570
974 3669 1055 3717 turres
1073 3662 1144 3714 venit

68 3734 96 3786 in
114 3749 226 3786 summas
244 3737 268 3784 A
343 3738 394 3787 572
417 3735 551 3801 victosque
569 3736 594 3786 A
667 3738 716 3789 573
740 3734 772 3785 ab
789 3734 845 3802 ipso
863 3736 957 3785 matres
974 3731 998 3786 A
1015 3734 1144 3799 (restitnit

69 3804 204 3852 Auentina
221 3808 314 3854 matres
332 3804 364 3854 ab
382 3804 408 3867 i.)
486 3806 536 3855 574
559 3802 642 3854 tradet
659 3803 684 3854 Ε
768 3806 816 3855 575
841 3806 870 3854 ut
887 3801 974 3853 adulta
991 3800 1016 3851 A
1093 3804 1142 3853 577

69 3874 218 3936 postergum
236 3871 261 3921 Ε
330 3875 379 3924 579
396 3872 480 3924 laetus
499 3872 614 3924 exitioA
682 3873 731 3924 582
750 3871 831 3924 terum
848 3874 875 3924 et
892 3870 982 3922 durum
999 3868 1024 3919 A
1094 3870 1144 3921 584

69 3938 154 4004 potine
172 3938 331 3990 15517.-
349 3955 472 3992 vesanos:
491 3944 540 3994 ei.
558 3957 612 3992 ros.
631 3939 734 3992 murt

122 4038 218 4079 senecae
231 4041 354 4089 tragoediae
370 4042 400 4083 tt.
937 4043 955 4091 't
