2602 4380
342 227 381 269 na
402 226 625 270 maeansronvn
647 227 863 272 conrosrrmnn.
1081 217 1140 278 109

337 410 379 421 -
401 396 451 438 aaa
472 377 528 438 alle·
544 390 672 457 praestat
692 378 777 440 aelon

273 463 396 539 fortuna
416 462 510 541 pidem.

273 545 318 607 hta
340 551 390 625 qni
410 546 484 607 clari
504 541 610 630 [laetas
630 541 717 629 vidit]

274 631 369 692 sidera
389 632 493 692 mundi
513 633 691 710 nitidumque
712 633 785 693 diem

274 727 366 776 morte
387 715 495 787 relicta,
520 715 596 794 lapet
616 727 735 778 maestos

260 805 365 861 'tristis
386 801 495 862 reditus
517 819 541 860 e.
560 819 588 878 q.
604 819 627 859 s.

67 904 186 949 versum
209 887 270 948 987
295 903 384 963 supra
408 889 448 963 (p.
470 887 543 960 105)
563 885 758 963 tractavimus.
792 885 849 945 iam
871 885 901 944 in
918 884 1049 945 Phaedra
1064 903 1143 946 unus

68 970 191 1032 relictus
214 978 259 1031 est
280 989 305 1029 v.
329 971 369 1032 33

275 1055 391 1115 tenedum
415 1053 509 1115 Cretes
529 1056 621 1132 fortia
642 1059 710 1115 trita

276 1139 391 1199 vincula
411 1139 491 1198 oolla.
535 1152 564 1200 at
587 1137 746 1218 Spartanos
768 1157 794 1198 e.
809 1157 837 1216 q.
854 1157 877 1198 s.

69 1223 101 1283 in
130 1240 192 1301 quo
222 1222 296 1282 nihil
324 1223 602 1302 reprehendendum
628 1233 689 1296 est;
726 1224 783 1282 iam
805 1241 874 1283 vero
897 1224 961 1285 iure
981 1232 1143 1284 statuemus

68 1307 208 1368 librarios
237 1308 319 1368 hunc
340 1326 457 1367 versum
484 1308 556 1369 lalsa
580 1308 768 1368 continuasse
791 1318 820 1367 et
840 1318 1058 1369 monometrum
1081 1326 1143 1367 non

68 1412 95 1451 v.
120 1394 161 1455 38
190 1392 242 1453 sed
269 1411 295 1451 v.
319 1393 359 1454 33
388 1392 563 1471 ponendum
592 1412 665 1452 esse.
708 1393 752 1453 sic
780 1392 811 1452 in
838 1391 968 1454 Phaedra
996 1410 1143 1470 nusquam

68 1477 169 1538 hiatus
190 1477 236 1536 vel
259 1476 367 1554 syllaba
390 1495 500 1556 anceps
522 1477 578 1537 nisi
601 1477 631 1537 in
654 1477 714 1537 line
742 1495 844 1537 versus
873 1485 965 1538 extat:
997 1477 1143 1556 siquidem

68 1581 95 1621 v.
115 1566 154 1624 14
178 1560 387 1640 interpolatum
411 1580 476 1621 esse
498 1561 597 1622 Herm.
621 1561 646 1621 X
668 1580 698 1640 p.
722 1564 784 1626 tto
806 1562 960 1624 docuimus
983 1569 1059 1621 etv.
1081 1562 1143 1624 343

69 1666 133 1708 uon
157 1665 246 1708 suum
268 1646 367 1705 lacum
389 1655 492 1706 tenere
513 1647 601 1707 modo
625 1647 774 1707 evicimus.

104 1815 178 1876 (led.
194 1817 254 1879 178
277 1826 356 1876 nacte
377 1815 474 1876 silenti
494 1815 678 1896 Amphionias

276 1899 400 1960 ululasse
421 1919 503 1962 canes

68 1985 152 2046 huno
180 1984 281 2045 locum
311 1987 384 2055 (171
409 1989 467 2063 sq.)
495 1985 644 2046 turbatum
673 2003 738 2045 esse
763 1983 840 2044 inira
862 1981 1143 2044 demonstrabimus:

70 2089 155 2131 nunc
183 2069 412 2148 disputationem
435 2069 524 2130 nimia
546 2070 624 2130 male
650 2087 759 2146 augere
782 2069 861 2128 nolo.
906 2068 976 2128 item
997 2067 1159 2128 Troadum.

70 2173 193 2216 carmen
214 2172 241 2214 v.
265 2157 305 2217 67
330 2174 374 2234 sq.
398 2155 533 2233 sequenti
557 2155 645 2233 capiti
668 2153 850 2232 reponimus.
894 2171 1001 2214 moneo
1029 2159 1145 2213 tantum

69 2258 96 2300 v.
125 2243 183 2303 101
207 2257 269 2317 sq:

532 2327 688 2403 sparsitque
710 2328 783 2383 atreis

277 2409 408 2486 fervidus
430 2425 492 2467 ora.
536 2408 667 2487 cataplete
688 2426 808 2478 manus,-

277 2491 328 2554 tae
349 2510 386 2552 ea
411 2490 497 2553 Troia
518 2497 669 2572 sumpsisse
691 2493 754 2552 litet

70 2577 195 2639 ultimos
215 2585 278 2638 tres
299 2586 502 2637 monametros
525 2595 585 2637 non
608 2596 695 2637 suum
717 2576 816 2636 locum
834 2584 953 2648 tenere3
976 2576 1055 2653 quod
1072 2575 1147 2636 blaa·

36 2733 39 2736 ⁴
71 2664 135 2723 sius
164 2661 369 2740 comprobavit
395 2661 426 2721 iu
456 2661 538 2722 misc.
561 2661 664 2740 philol.
687 2661 727 2720 lll
756 2680 786 2739 p.
811 2662 859 2723 12.
905 2660 947 2721 sic
977 2659 1009 2719 in
1033 2659 1147 2738 Oedipo

70 2747 255 2825 relinquitur
277 2765 303 2805 v.
329 2747 404 2808 158:

281 2829 409 2892 hraaabia
430 2842 542 2892 maaet.
585 2833 682 2890 amaria
703 2841 834 2891 nostrane
1159 2878 1161 2883 ,

72 2916 126 2995 qui
148 2933 212 2976 non
235 2915 335 2976 minus
356 2915 550 2993 incorruptus
573 2922 618 2974 est
639 2932 727 2991 quam
748 2923 809 2974 tres
831 2913 895 2974 eius
914 2913 1032 2991 generis
1046 2931 1148 2975 versus

71 3001 104 3062 in
126 3000 228 3062 Medea
253 3007 402 3060 extantes:

198 3086 260 3148 342
283 3085 409 3145 elaustro
427 3083 573 3162 profundi
590 3080 655 3143 hirta
677 3092 759 3162 atque
779 3082 859 3144 illinc

198 3170 260 3231 372
281 3172 400 3248 perot‘us
421 3167 507 3228 ordis.
551 3166 640 3228 lodus
661 3168 785 3245 polidam

198 3254 261 3316 832
283 3270 399 3314 sanare
420 3252 541 3314 malam.
585 3253 656 3313 adde
679 3255 794 3313 uenenis

74 3337 188 3418 quihus
214 3337 247 3398 in
275 3336 348 3398 locis
377 3336 515 3396 omnihus
544 3344 577 3396 ut
601 3336 632 3396 in
656 3335 803 3397 Phaedrae
826 3333 933 3413 Oedipi
955 3340 984 3392 et
1005 3332 1150 3412 Thyestae

74 3441 166 3502 quem
188 3421 322 3482 nondum
344 3421 442 3499 tetigi:

200 3507 259 3570 877
284 3507 400 3568 eardr'ne
420 3507 554 3567 mandas.
598 3510 630 3565 e'a
650 3523 702 3566 nas
723 3517 801 3566 aetas

75 3591 161 3653 nullo
184 3591 305 3670 negotio
327 3590 490 3671 probabilis
510 3608 649 3651 versuum
672 3589 824 3667 dispositio
847 3586 963 3649 restitui
984 3596 1098 3665 potest;
1120 3586 1149 3646 id

74 3695 115 3739 ne
136 3684 248 3738 temere
269 3676 335 3738 lieri
357 3675 491 3736 videatur
511 3675 584 3735 haec
604 3674 693 3734 tantis
719 3671 889 3750 ambagibus
910 3671 1038 3732 tractavi.
1082 3671 1149 3744 iam,

75 3761 160 3841 qnod
181 3764 290 3824 totiens
312 3760 463 3839 corruptis
478 3760 552 3821 locis
567 3757 823 3838 deprehendimus,
847 3758 876 3818 id
891 3757 923 3818 in
939 3756 1061 3835 reliquis
1075 3772 1151 3834 qua·

74 3865 138 3926 que
158 3864 260 3909 errare
281 3847 393 3908 lactura
417 3863 480 3906 esse
502 3861 676 3924 persuasum
698 3841 880 3903 habebimus.

165 3929 241 3993 idem
268 3931 294 3993 si
324 3930 362 3991 de
389 3929 486 3991 tribus
508 3927 735 4008 Agamemnonis
761 3928 896 3990 versibus
918 3927 980 3995 (68.
1003 3925 1055 3989 88.
1079 3925 1151 3996 tut)
