<?xml version="1.0" encoding="UTF-8"?>
<!DOCTYPE html PUBLIC "-//W3C//DTD XHTML 1.0 Transitional//EN"
    "http://www.w3.org/TR/xhtml1/DTD/xhtml1-transitional.dtd">
<html xmlns="http://www.w3.org/1999/xhtml" xml:lang="en" lang="en">
 <head>
  <title>
</title>
<meta http-equiv="Content-Type" content="text/html;charset=utf-8" />
  <meta name='ocr-system' content='tesseract 3.04.00' />
  <meta name='ocr-capabilities' content='ocr_page ocr_carea ocr_par ocr_line ocrx_word'/>
</head>
<body>
  <div class='ocr_page' id='page_1' title='image "./tragoediae00leogoog_0608.png"; bbox 0 0 2580 4366; ppageno 0'>
   <div class='ocr_carea' id='block_1_1' title="bbox 441 231 756 307">
    <p class='ocr_par' dir='ltr' id='par_1_1' title="bbox 441 231 756 307">
     <span class='ocr_line' id='line_1_1' title="bbox 441 231 756 307; baseline 0 -20"><span class='ocrx_word' id='word_1_1' title='bbox 441 245 587 290; x_wconf 82' lang='lat' dir='ltr'><strong>unncvnns</strong></span> <span class='ocrx_word' id='word_1_2' title='bbox 609 231 756 307; x_wconf 78' lang='lat' dir='ltr'><strong>[ernanus]</strong></span> 
     </span>
    </p>
   </div>
   <div class='ocr_carea' id='block_1_2' title="bbox 61 394 923 3340">
    <p class='ocr_par' dir='ltr' id='par_1_2' title="bbox 62 394 831 894">
     <span class='ocr_line' id='line_1_2' title="bbox 64 394 705 477; baseline 0.008 -22"><span class='ocrx_word' id='word_1_3' title='bbox 64 407 161 459; x_wconf 82' lang='lat' dir='ltr'><strong>exerta</strong></span> <span class='ocrx_word' id='word_1_4' title='bbox 183 404 279 457; x_wconf 84' lang='lat' dir='ltr'><strong>vastos</strong></span> <span class='ocrx_word' id='word_1_5' title='bbox 301 394 392 457; x_wconf 87' lang='lat' dir='ltr'><strong>ubera</strong></span> <span class='ocrx_word' id='word_1_6' title='bbox 414 396 445 456; x_wconf 92' lang='lat' dir='ltr'><strong>in</strong></span> <span class='ocrx_word' id='word_1_7' title='bbox 469 398 606 477; x_wconf 85' lang='lat' dir='ltr'><strong>planctus</strong></span> <span class='ocrx_word' id='word_1_8' title='bbox 626 398 705 474; x_wconf 83' lang='lat' dir='ltr'><strong>ferit,</strong></span> 
     </span>
     <span class='ocr_line' id='line_1_3' title="bbox 63 481 831 562; baseline 0.007 -22"><span class='ocrx_word' id='word_1_9' title='bbox 63 499 250 561; x_wconf 85' lang='lat' dir='ltr'><strong>superosque</strong></span> <span class='ocrx_word' id='word_1_10' title='bbox 273 489 302 541; x_wconf 89' lang='lat' dir='ltr'><strong>et</strong></span> <span class='ocrx_word' id='word_1_11' title='bbox 324 481 422 560; x_wconf 83' lang='lat' dir='ltr'><strong>ipsum</strong></span> <span class='ocrx_word' id='word_1_12' title='bbox 445 482 568 544; x_wconf 83' lang='lat' dir='ltr'><strong>vocibus</strong></span> <span class='ocrx_word' id='word_1_13' title='bbox 590 482 712 562; x_wconf 90' lang='lat' dir='ltr'><strong>pulsans</strong></span> <span class='ocrx_word' id='word_1_14' title='bbox 734 483 831 545; x_wconf 88' lang='lat' dir='ltr'><strong>lovem</strong></span> 
     </span>
     <span class='ocr_line' id='line_1_4' title="bbox 62 565 707 646; baseline 0.006 -21"><span class='ocrx_word' id='word_1_15' title='bbox 62 565 194 646; x_wconf 82' lang='lat' dir='ltr'><strong>implerit</strong></span> <span class='ocrx_word' id='word_1_16' title='bbox 217 583 335 626; x_wconf 88' lang='lat' dir='ltr'><strong>omnem</strong></span> <span class='ocrx_word' id='word_1_17' title='bbox 357 583 429 627; x_wconf 85' lang='lat' dir='ltr'><strong>vnce</strong></span> <span class='ocrx_word' id='word_1_18' title='bbox 450 566 577 629; x_wconf 84' lang='lat' dir='ltr'><strong>leminea</strong></span> <span class='ocrx_word' id='word_1_19' title='bbox 599 567 707 629; x_wconf 89' lang='lat' dir='ltr'><strong>locum.</strong></span> 
     </span>
     <span class='ocr_line' id='line_1_5' title="bbox 62 650 761 727; baseline 0.004 -16"><span class='ocrx_word' id='word_1_20' title='bbox 62 651 205 712; x_wconf 82' lang='lat' dir='ltr'><strong>‘deforme</strong></span> <span class='ocrx_word' id='word_1_21' title='bbox 227 651 328 726; x_wconf 90' lang='lat' dir='ltr'><strong>letum,</strong></span> <span class='ocrx_word' id='word_1_22' title='bbox 351 659 454 727; x_wconf 86' lang='lat' dir='ltr'><strong>mater,</strong></span> <span class='ocrx_word' id='word_1_23' title='bbox 477 650 657 714; x_wconf 84' lang='lat' dir='ltr'><strong>Herculeum</strong></span> <span class='ocrx_word' id='word_1_24' title='bbox 680 652 761 726; x_wconf 82' lang='lat' dir='ltr'><strong>latis,</strong></span> 
     </span>
     <span class='ocr_line' id='line_1_6' title="bbox 63 735 802 816; baseline 0.003 -19"><span class='ocrx_word' id='word_1_25' title='bbox 63 753 219 816; x_wconf 84' lang='lat' dir='ltr'><strong>compesce</strong></span> <span class='ocrx_word' id='word_1_26' title='bbox 240 735 383 796; x_wconf 82' lang='lat' dir='ltr'><strong>lacrimas&#39;</strong></span> <span class='ocrx_word' id='word_1_27' title='bbox 405 736 512 815; x_wconf 83' lang='lat' dir='ltr'><strong>inquit,</strong></span> <span class='ocrx_word' id='word_1_28' title='bbox 536 736 695 799; x_wconf 87' lang='lat' dir='ltr'><strong>‘introrsus</strong></span> <span class='ocrx_word' id='word_1_29' title='bbox 718 738 802 799; x_wconf 89' lang='lat' dir='ltr'><strong>delur</strong></span> 
     </span>
     <span class='ocr_line' id='line_1_7' title="bbox 62 819 737 894; baseline 0.003 -13"><span class='ocrx_word' id='word_1_30' title='bbox 62 822 208 882; x_wconf 86' lang='lat' dir='ltr'><strong>femineus</strong></span> <span class='ocrx_word' id='word_1_31' title='bbox 231 819 331 894; x_wconf 86' lang='lat' dir='ltr'><strong>abeat;</strong></span> <span class='ocrx_word' id='word_1_32' title='bbox 355 819 429 882; x_wconf 87' lang='lat' dir='ltr'><strong>lune</strong></span> <span class='ocrx_word' id='word_1_33' title='bbox 453 840 507 882; x_wconf 89' lang='lat' dir='ltr'><strong>cur</strong></span> <span class='ocrx_word' id='word_1_34' title='bbox 528 821 637 886; x_wconf 89' lang='lat' dir='ltr'><strong>laetum</strong></span> <span class='ocrx_word' id='word_1_35' title='bbox 659 822 737 884; x_wconf 91' lang='lat' dir='ltr'><strong>diem</strong></span> 
     </span>
    </p>

    <p class='ocr_par' dir='ltr' id='par_1_3' title="bbox 61 902 858 1324">
     <span class='ocr_line' id='line_1_8' title="bbox 61 902 708 985; baseline 0.002 -18"><span class='ocrx_word' id='word_1_36' title='bbox 61 915 91 967; x_wconf 91' lang='lat' dir='ltr'><strong>te</strong></span> <span class='ocrx_word' id='word_1_37' title='bbox 113 907 203 966; x_wconf 85' lang='lat' dir='ltr'><strong>flente</strong></span> <span class='ocrx_word' id='word_1_38' title='bbox 225 902 335 966; x_wconf 77' lang='lat' dir='ltr'><strong>ducat?</strong></span> <span class='ocrx_word' id='word_1_39' title='bbox 365 905 486 985; x_wconf 82' lang='lat' dir='ltr'><strong>paelicis</strong></span> <span class='ocrx_word' id='word_1_40' title='bbox 509 907 616 985; x_wconf 88' lang='lat' dir='ltr'><strong>gaudet</strong></span> <span class='ocrx_word' id='word_1_41' title='bbox 637 925 708 968; x_wconf 86' lang='lat' dir='ltr'><strong>suae</strong></span> 
     </span>
     <span class='ocr_line' id='line_1_9' title="bbox 62 990 858 1070; baseline 0.001 -18"><span class='ocrx_word' id='word_1_42' title='bbox 62 1000 198 1070; x_wconf 86' lang='lat' dir='ltr'><strong>spectare</strong></span> <span class='ocrx_word' id='word_1_43' title='bbox 219 990 364 1050; x_wconf 81' lang='lat' dir='ltr'><strong>lacrimas.</strong></span> <span class='ocrx_word' id='word_1_44' title='bbox 409 992 571 1070; x_wconf 81' lang='lat' dir='ltr'><strong>comprime</strong></span> <span class='ocrx_word' id='word_1_45' title='bbox 592 993 744 1053; x_wconf 82' lang='lat' dir='ltr'><strong>infirmum</strong></span> <span class='ocrx_word' id='word_1_46' title='bbox 766 992 858 1068; x_wconf 85' lang='lat' dir='ltr'><strong>iecur,</strong></span> 
     </span>
     <span class='ocr_line' id='line_1_10' title="bbox 61 1075 779 1155; baseline 0 -19"><span class='ocrx_word' id='word_1_47' title='bbox 61 1085 170 1136; x_wconf 90' lang='lat' dir='ltr'><strong>mater:</strong></span> <span class='ocrx_word' id='word_1_48' title='bbox 194 1075 276 1136; x_wconf 82' lang='lat' dir='ltr'><strong>nefas</strong></span> <span class='ocrx_word' id='word_1_49' title='bbox 299 1082 344 1136; x_wconf 89' lang='lat' dir='ltr'><strong>est</strong></span> <span class='ocrx_word' id='word_1_50' title='bbox 364 1075 454 1136; x_wconf 91' lang='lat' dir='ltr'><strong>ubera</strong></span> <span class='ocrx_word' id='word_1_51' title='bbox 477 1084 564 1155; x_wconf 91' lang='lat' dir='ltr'><strong>atque</strong></span> <span class='ocrx_word' id='word_1_52' title='bbox 586 1085 704 1138; x_wconf 91' lang='lat' dir='ltr'><strong>uterum</strong></span> <span class='ocrx_word' id='word_1_53' title='bbox 726 1077 779 1138; x_wconf 91' lang='lat' dir='ltr'><strong>tihi</strong></span> 
     </span>
     <span class='ocr_line' id='line_1_11' title="bbox 62 1159 825 1238; baseline 0.003 -17"><span class='ocrx_word' id='word_1_54' title='bbox 62 1160 181 1231; x_wconf 89' lang='lat' dir='ltr'><strong>laniare,</strong></span> <span class='ocrx_word' id='word_1_55' title='bbox 205 1159 255 1238; x_wconf 90' lang='lat' dir='ltr'><strong>qui</strong></span> <span class='ocrx_word' id='word_1_56' title='bbox 279 1177 325 1220; x_wconf 90' lang='lat' dir='ltr'><strong>me</strong></span> <span class='ocrx_word' id='word_1_57' title='bbox 348 1160 469 1238; x_wconf 85' lang='lat' dir='ltr'><strong>genuit’</strong></span> <span class='ocrx_word' id='word_1_58' title='bbox 513 1168 542 1221; x_wconf 89' lang='lat' dir='ltr'><strong>et</strong></span> <span class='ocrx_word' id='word_1_59' title='bbox 564 1161 662 1222; x_wconf 90' lang='lat' dir='ltr'><strong>dirum</strong></span> <span class='ocrx_word' id='word_1_60' title='bbox 685 1162 825 1237; x_wconf 83' lang='lat' dir='ltr'><strong>fremens,</strong></span> 
     </span>
     <span class='ocr_line' id='line_1_12' title="bbox 63 1244 759 1324; baseline 0.001 -18"><span class='ocrx_word' id='word_1_61' title='bbox 63 1245 158 1324; x_wconf 89' lang='lat' dir='ltr'><strong>qualis</strong></span> <span class='ocrx_word' id='word_1_62' title='bbox 180 1263 235 1323; x_wconf 84' lang='lat' dir='ltr'><strong>per</strong></span> <span class='ocrx_word' id='word_1_63' title='bbox 256 1244 346 1305; x_wconf 90' lang='lat' dir='ltr'><strong>urbes</strong></span> <span class='ocrx_word' id='word_1_64' title='bbox 367 1245 451 1305; x_wconf 87' lang='lat' dir='ltr'><strong>duxit</strong></span> <span class='ocrx_word' id='word_1_65' title='bbox 472 1245 623 1324; x_wconf 78' lang='lat' dir='ltr'><strong>Argolicas</strong></span> <span class='ocrx_word' id='word_1_66' title='bbox 646 1264 759 1322; x_wconf 90' lang='lat' dir='ltr'><strong>canem,</strong></span> 
     </span>
    </p>

    <p class='ocr_par' dir='ltr' id='par_1_4' title="bbox 61 1329 736 1495">
     <span class='ocr_line' id='line_1_13' title="bbox 62 1329 736 1411; baseline 0 -20"><span class='ocrx_word' id='word_1_67' title='bbox 62 1349 129 1391; x_wconf 88' lang='lat' dir='ltr'><strong>eum</strong></span> <span class='ocrx_word' id='word_1_68' title='bbox 153 1330 246 1390; x_wconf 88' lang='lat' dir='ltr'><strong>victer</strong></span> <span class='ocrx_word' id='word_1_69' title='bbox 267 1329 356 1390; x_wconf 83' lang='lat' dir='ltr'><strong>Erebi</strong></span> <span class='ocrx_word' id='word_1_70' title='bbox 378 1329 445 1391; x_wconf 87' lang='lat' dir='ltr'><strong>Dite</strong></span> <span class='ocrx_word' id='word_1_71' title='bbox 467 1339 638 1411; x_wconf 87' lang='lat' dir='ltr'><strong>contempto</strong></span> <span class='ocrx_word' id='word_1_72' title='bbox 661 1331 736 1392; x_wconf 90' lang='lat' dir='ltr'><strong>redit</strong></span> 
     </span>
     <span class='ocr_line' id='line_1_14' title="bbox 61 1413 649 1495; baseline 0.002 -20"><span class='ocrx_word' id='word_1_73' title='bbox 61 1422 206 1476; x_wconf 88' lang='lat' dir='ltr'><strong>tremente</strong></span> <span class='ocrx_word' id='word_1_74' title='bbox 227 1414 297 1487; x_wconf 86' lang='lat' dir='ltr'><strong>fate,</strong></span> <span class='ocrx_word' id='word_1_75' title='bbox 320 1413 386 1474; x_wconf 92' lang='lat' dir='ltr'><strong>talis</strong></span> <span class='ocrx_word' id='word_1_76' title='bbox 407 1414 545 1478; x_wconf 84' lang='lat' dir='ltr'><strong>incubuit</strong></span> <span class='ocrx_word' id='word_1_77' title='bbox 565 1433 649 1495; x_wconf 89' lang='lat' dir='ltr'><strong>rego.</strong></span> 
     </span>
    </p>

    <p class='ocr_par' dir='ltr' id='par_1_5' title="bbox 61 1498 790 1660">
     <span class='ocr_line' id='line_1_15' title="bbox 62 1498 790 1578; baseline -0.004 -16"><span class='ocrx_word' id='word_1_78' title='bbox 62 1499 130 1578; x_wconf 88' lang='lat' dir='ltr'><strong>quis</strong></span> <span class='ocrx_word' id='word_1_79' title='bbox 152 1499 195 1559; x_wconf 85' lang='lat' dir='ltr'><strong>sie</strong></span> <span class='ocrx_word' id='word_1_80' title='bbox 216 1498 404 1577; x_wconf 87' lang='lat' dir='ltr'><strong>triumphans</strong></span> <span class='ocrx_word' id='word_1_81' title='bbox 426 1499 520 1560; x_wconf 89' lang='lat' dir='ltr'><strong>laetus</strong></span> <span class='ocrx_word' id='word_1_82' title='bbox 542 1500 573 1559; x_wconf 93' lang='lat' dir='ltr'><strong>in</strong></span> <span class='ocrx_word' id='word_1_83' title='bbox 596 1517 687 1560; x_wconf 85' lang='lat' dir='ltr'><strong>curru</strong></span> <span class='ocrx_word' id='word_1_84' title='bbox 709 1500 790 1561; x_wconf 87' lang='lat' dir='ltr'><strong>stetit</strong></span> 
     </span>
     <span class='ocr_line' id='line_1_16' title="bbox 61 1581 713 1660; baseline 0.003 -18"><span class='ocrx_word' id='word_1_85' title='bbox 61 1581 178 1645; x_wconf 83' lang='lat' dir='ltr'><strong>vietor?</strong></span> <span class='ocrx_word' id='word_1_86' title='bbox 207 1582 274 1660; x_wconf 91' lang='lat' dir='ltr'><strong>quis</strong></span> <span class='ocrx_word' id='word_1_87' title='bbox 295 1582 347 1642; x_wconf 89' lang='lat' dir='ltr'><strong>illo</strong></span> <span class='ocrx_word' id='word_1_88' title='bbox 371 1582 509 1660; x_wconf 85' lang='lat' dir='ltr'><strong>gentibus</strong></span> <span class='ocrx_word' id='word_1_89' title='bbox 531 1583 611 1644; x_wconf 87' lang='lat' dir='ltr'><strong>voltu</strong></span> <span class='ocrx_word' id='word_1_90' title='bbox 633 1584 713 1644; x_wconf 81' lang='lat' dir='ltr'><strong>dedit</strong></span> 
     </span>
    </p>

    <p class='ocr_par' dir='ltr' id='par_1_6' title="bbox 61 1664 923 2341">
     <span class='ocr_line' id='line_1_17' title="bbox 62 1664 803 1747; baseline -0.005 -17"><span class='ocrx_word' id='word_1_91' title='bbox 62 1671 143 1746; x_wconf 89' lang='lat' dir='ltr'><strong>leges</strong></span> <span class='ocrx_word' id='word_1_92' title='bbox 164 1664 329 1746; x_wconf 79' lang='lat' dir='ltr'><strong>tyrannus?</strong></span> <span class='ocrx_word' id='word_1_93' title='bbox 359 1676 466 1746; x_wconf 90' lang='lat' dir='ltr'><strong>quanta</strong></span> <span class='ocrx_word' id='word_1_94' title='bbox 489 1685 545 1747; x_wconf 84' lang='lat' dir='ltr'><strong>pax</strong></span> <span class='ocrx_word' id='word_1_95' title='bbox 567 1667 698 1728; x_wconf 90' lang='lat' dir='ltr'><strong>habitum</strong></span> <span class='ocrx_word' id='word_1_96' title='bbox 721 1666 803 1728; x_wconf 91' lang='lat' dir='ltr'><strong>tulitl</strong></span> 
     </span>
     <span class='ocr_line' id='line_1_18' title="bbox 61 1751 757 1831; baseline -0.006 -16"><span class='ocrx_word' id='word_1_97' title='bbox 61 1756 184 1815; x_wconf 82' lang='lat' dir='ltr'><strong>haesere</strong></span> <span class='ocrx_word' id='word_1_98' title='bbox 207 1752 353 1827; x_wconf 84' lang='lat' dir='ltr'><strong>lacrimae,</strong></span> <span class='ocrx_word' id='word_1_99' title='bbox 377 1751 483 1813; x_wconf 77' lang='lat' dir='ltr'><strong>cecidit</strong></span> <span class='ocrx_word' id='word_1_100' title='bbox 503 1751 650 1831; x_wconf 90' lang='lat' dir='ltr'><strong>impulsus</strong></span> <span class='ocrx_word' id='word_1_101' title='bbox 672 1752 757 1813; x_wconf 85' lang='lat' dir='ltr'><strong>dolor</strong></span> 
     </span>
     <span class='ocr_line' id='line_1_19' title="bbox 62 1836 860 1917; baseline -0.004 -18"><span class='ocrx_word' id='word_1_102' title='bbox 62 1838 150 1900; x_wconf 84' lang='lat' dir='ltr'><strong>nohis</strong></span> <span class='ocrx_word' id='word_1_103' title='bbox 174 1855 293 1917; x_wconf 86' lang='lat' dir='ltr'><strong>quoque</strong></span> <span class='ocrx_word' id='word_1_104' title='bbox 315 1836 398 1916; x_wconf 85' lang='lat' dir='ltr'><strong>ipsis,</strong></span> <span class='ocrx_word' id='word_1_105' title='bbox 421 1854 509 1898; x_wconf 86' lang='lat' dir='ltr'><strong>neme</strong></span> <span class='ocrx_word' id='word_1_106' title='bbox 531 1836 698 1916; x_wconf 87' lang='lat' dir='ltr'><strong>periturum</strong></span> <span class='ocrx_word' id='word_1_107' title='bbox 722 1836 860 1914; x_wconf 84' lang='lat' dir='ltr'><strong>ingemit:</strong></span> 
     </span>
     <span class='ocr_line' id='line_1_20' title="bbox 62 1921 826 2001; baseline -0.003 -17"><span class='ocrx_word' id='word_1_108' title='bbox 62 1926 120 1984; x_wconf 90' lang='lat' dir='ltr'><strong>iam</strong></span> <span class='ocrx_word' id='word_1_109' title='bbox 143 1923 215 1983; x_wconf 84' lang='lat' dir='ltr'><strong>llere</strong></span> <span class='ocrx_word' id='word_1_110' title='bbox 237 1921 334 2001; x_wconf 84' lang='lat' dir='ltr'><strong>pudor</strong></span> <span class='ocrx_word' id='word_1_111' title='bbox 356 1930 414 1997; x_wconf 83' lang='lat' dir='ltr'><strong>est3</strong></span> <span class='ocrx_word' id='word_1_112' title='bbox 438 1921 501 2000; x_wconf 91' lang='lat' dir='ltr'><strong>ipsa</strong></span> <span class='ocrx_word' id='word_1_113' title='bbox 524 1939 612 2000; x_wconf 91' lang='lat' dir='ltr'><strong>quam</strong></span> <span class='ocrx_word' id='word_1_114' title='bbox 634 1940 722 1982; x_wconf 86' lang='lat' dir='ltr'><strong>serus</strong></span> <span class='ocrx_word' id='word_1_115' title='bbox 743 1921 826 1983; x_wconf 87' lang='lat' dir='ltr'><strong>iubet</strong></span> 
     </span>
     <span class='ocr_line' id='line_1_21' title="bbox 61 2005 700 2085; baseline -0.003 -16"><span class='ocrx_word' id='word_1_116' title='bbox 61 2025 205 2081; x_wconf 87' lang='lat' dir='ltr'><strong>maerere,</strong></span> <span class='ocrx_word' id='word_1_117' title='bbox 228 2005 315 2066; x_wconf 80' lang='lat' dir='ltr'><strong>sireis</strong></span> <span class='ocrx_word' id='word_1_118' title='bbox 336 2006 430 2067; x_wconf 83' lang='lat' dir='ltr'><strong>haesit</strong></span> <span class='ocrx_word' id='word_1_119' title='bbox 452 2005 593 2067; x_wconf 79' lang='lat' dir='ltr'><strong>Alcmene</strong></span> <span class='ocrx_word' id='word_1_120' title='bbox 616 2006 700 2085; x_wconf 87' lang='lat' dir='ltr'><strong>genis</strong></span> 
     </span>
     <span class='ocr_line' id='line_1_22' title="bbox 62 2092 755 2171; baseline -0.004 -17"><span class='ocrx_word' id='word_1_121' title='bbox 62 2093 203 2171; x_wconf 85' lang='lat' dir='ltr'><strong>stetitque</strong></span> <span class='ocrx_word' id='word_1_122' title='bbox 224 2099 294 2152; x_wconf 86' lang='lat' dir='ltr'><strong>nato</strong></span> <span class='ocrx_word' id='word_1_123' title='bbox 317 2110 411 2170; x_wconf 89' lang='lat' dir='ltr'><strong>paene</strong></span> <span class='ocrx_word' id='word_1_124' title='bbox 433 2092 491 2152; x_wconf 92' lang='lat' dir='ltr'><strong>iam</strong></span> <span class='ocrx_word' id='word_1_125' title='bbox 512 2092 615 2152; x_wconf 90' lang='lat' dir='ltr'><strong>similis</strong></span> <span class='ocrx_word' id='word_1_126' title='bbox 637 2109 755 2171; x_wconf 88' lang='lat' dir='ltr'><strong>parens.</strong></span> 
     </span>
     <span class='ocr_line' id='line_1_23' title="bbox 63 2174 923 2257; baseline 0.001 -19"><span class='ocrx_word' id='word_1_127' title='bbox 63 2195 148 2238; x_wconf 84' lang='lat' dir='ltr'><strong>cnon.</strong></span> <span class='ocrx_word' id='word_1_128' title='bbox 193 2174 335 2237; x_wconf 88' lang='lat' dir='ltr'><strong>Nullasne</strong></span> <span class='ocrx_word' id='word_1_129' title='bbox 357 2176 388 2236; x_wconf 91' lang='lat' dir='ltr'><strong>in</strong></span> <span class='ocrx_word' id='word_1_130' title='bbox 411 2184 487 2238; x_wconf 87' lang='lat' dir='ltr'><strong>astra</strong></span> <span class='ocrx_word' id='word_1_131' title='bbox 509 2176 589 2237; x_wconf 91' lang='lat' dir='ltr'><strong>misit</strong></span> <span class='ocrx_word' id='word_1_132' title='bbox 610 2176 646 2237; x_wconf 94' lang='lat' dir='ltr'><strong>ad</strong></span> <span class='ocrx_word' id='word_1_133' title='bbox 669 2194 795 2257; x_wconf 85' lang='lat' dir='ltr'><strong>superos</strong></span> <span class='ocrx_word' id='word_1_134' title='bbox 817 2194 923 2256; x_wconf 76' lang='lat' dir='ltr'><strong>preses</strong></span> 
     </span>
     <span class='ocr_line' id='line_1_24' title="bbox 64 2259 696 2341; baseline -0.003 -17"><span class='ocrx_word' id='word_1_135' title='bbox 64 2281 187 2324; x_wconf 90' lang='lat' dir='ltr'><strong>arsurus</strong></span> <span class='ocrx_word' id='word_1_136' title='bbox 210 2269 260 2322; x_wconf 92' lang='lat' dir='ltr'><strong>aut</strong></span> <span class='ocrx_word' id='word_1_137' title='bbox 281 2261 313 2320; x_wconf 94' lang='lat' dir='ltr'><strong>in</strong></span> <span class='ocrx_word' id='word_1_138' title='bbox 334 2269 401 2321; x_wconf 84' lang='lat' dir='ltr'><strong>vota</strong></span> <span class='ocrx_word' id='word_1_139' title='bbox 423 2261 553 2341; x_wconf 81' lang='lat' dir='ltr'><strong>respexit</strong></span> <span class='ocrx_word' id='word_1_140' title='bbox 574 2259 696 2322; x_wconf 77' lang='lat' dir='ltr'><strong>lovem?</strong></span> 
     </span>
    </p>

    <p class='ocr_par' dir='ltr' id='par_1_7' title="bbox 63 2345 834 2850">
     <span class='ocr_line' id='line_1_25' title="bbox 64 2345 834 2409; baseline -0.001 -1"><span class='ocrx_word' id='word_1_141' title='bbox 64 2366 149 2408; x_wconf 83' lang='lat' dir='ltr'><strong>nvnr.</strong></span> <span class='ocrx_word' id='word_1_142' title='bbox 193 2345 285 2407; x_wconf 85' lang='lat' dir='ltr'><strong>lacuit</strong></span> <span class='ocrx_word' id='word_1_143' title='bbox 308 2346 354 2406; x_wconf 92' lang='lat' dir='ltr'><strong>sui</strong></span> <span class='ocrx_word' id='word_1_144' title='bbox 378 2363 503 2408; x_wconf 85' lang='lat' dir='ltr'><strong>securus</strong></span> <span class='ocrx_word' id='word_1_145' title='bbox 525 2356 555 2407; x_wconf 89' lang='lat' dir='ltr'><strong>et</strong></span> <span class='ocrx_word' id='word_1_146' title='bbox 577 2347 691 2408; x_wconf 84' lang='lat' dir='ltr'><strong>eaelum</strong></span> <span class='ocrx_word' id='word_1_147' title='bbox 713 2347 834 2409; x_wconf 89' lang='lat' dir='ltr'><strong>intuens</strong></span> 
     </span>
     <span class='ocr_line' id='line_1_26' title="bbox 65 2429 783 2513; baseline 0.001 -21"><span class='ocrx_word' id='word_1_148' title='bbox 65 2431 207 2511; x_wconf 85' lang='lat' dir='ltr'><strong>quaesivit</strong></span> <span class='ocrx_word' id='word_1_149' title='bbox 230 2429 334 2502; x_wconf 84' lang='lat' dir='ltr'><strong>oeulis,</strong></span> <span class='ocrx_word' id='word_1_150' title='bbox 356 2442 440 2511; x_wconf 86' lang='lat' dir='ltr'><strong>parte</strong></span> <span class='ocrx_word' id='word_1_151' title='bbox 461 2450 498 2493; x_wconf 90' lang='lat' dir='ltr'><strong>an</strong></span> <span class='ocrx_word' id='word_1_152' title='bbox 522 2450 557 2494; x_wconf 85' lang='lat' dir='ltr'><strong>ex</strong></span> <span class='ocrx_word' id='word_1_153' title='bbox 579 2432 677 2513; x_wconf 92' lang='lat' dir='ltr'><strong>aliqua</strong></span> <span class='ocrx_word' id='word_1_154' title='bbox 699 2440 783 2512; x_wconf 87' lang='lat' dir='ltr'><strong>pater</strong></span> 
     </span>
     <span class='ocr_line' id='line_1_27' title="bbox 64 2514 804 2596; baseline -0.001 -19"><span class='ocrx_word' id='word_1_155' title='bbox 64 2517 232 2596; x_wconf 89' lang='lat' dir='ltr'><strong>despiceret</strong></span> <span class='ocrx_word' id='word_1_156' title='bbox 252 2514 345 2576; x_wconf 93' lang='lat' dir='ltr'><strong>illum.</strong></span> <span class='ocrx_word' id='word_1_157' title='bbox 389 2524 453 2578; x_wconf 92' lang='lat' dir='ltr'><strong>tum</strong></span> <span class='ocrx_word' id='word_1_158' title='bbox 474 2535 581 2578; x_wconf 89' lang='lat' dir='ltr'><strong>manus</strong></span> <span class='ocrx_word' id='word_1_159' title='bbox 602 2517 727 2578; x_wconf 90' lang='lat' dir='ltr'><strong>tendens</strong></span> <span class='ocrx_word' id='word_1_160' title='bbox 749 2517 804 2579; x_wconf 88' lang='lat' dir='ltr'><strong>ait:</strong></span> 
     </span>
     <span class='ocr_line' id='line_1_28' title="bbox 63 2601 770 2682; baseline 0.001 -21"><span class='ocrx_word' id='word_1_161' title='bbox 63 2608 264 2680; x_wconf 84' lang='lat' dir='ltr'><strong>‘quacumque</strong></span> <span class='ocrx_word' id='word_1_162' title='bbox 285 2610 369 2678; x_wconf 89' lang='lat' dir='ltr'><strong>parte</strong></span> <span class='ocrx_word' id='word_1_163' title='bbox 390 2601 540 2681; x_wconf 84' lang='lat' dir='ltr'><strong>prospieis</strong></span> <span class='ocrx_word' id='word_1_164' title='bbox 561 2610 662 2663; x_wconf 88' lang='lat' dir='ltr'><strong>natum</strong></span> <span class='ocrx_word' id='word_1_165' title='bbox 685 2613 770 2682; x_wconf 88' lang='lat' dir='ltr'><strong>pater</strong></span> 
     </span>
     <span class='ocr_line' id='line_1_29' title="bbox 65 2685 821 2765; baseline 0 -19"><span class='ocrx_word' id='word_1_166' title='bbox 65 2687 134 2753; x_wconf 85' lang='lat' dir='ltr'><strong>tiste</strong></span> <span class='ocrx_word' id='word_1_167' title='bbox 158 2692 202 2746; x_wconf 89' lang='lat' dir='ltr'><strong>est</strong></span> <span class='ocrx_word' id='word_1_168' title='bbox 223 2692 317 2765; x_wconf 86' lang='lat' dir='ltr'><strong>pater,</strong></span> <span class='ocrx_word' id='word_1_169' title='bbox 340 2685 388 2746; x_wconf 87' lang='lat' dir='ltr'><strong>eui</strong></span> <span class='ocrx_word' id='word_1_170' title='bbox 411 2694 499 2746; x_wconf 87' lang='lat' dir='ltr'><strong>nette</strong></span> <span class='ocrx_word' id='word_1_171' title='bbox 522 2687 677 2747; x_wconf 78' lang='lat' dir='ltr'><strong>commissa</strong></span> <span class='ocrx_word' id='word_1_172' title='bbox 700 2686 763 2747; x_wconf 91' lang='lat' dir='ltr'><strong>dies</strong></span> <span class='ocrx_word' id='word_1_173' title='bbox 820 2753 821 2756; x_wconf 8' lang='grc' dir='ltr'><strong>Ἴ</strong></span> 
     </span>
     <span class='ocr_line' id='line_1_30' title="bbox 66 2769 675 2850; baseline -0.002 -19"><span class='ocrx_word' id='word_1_174' title='bbox 66 2771 178 2850; x_wconf 91' lang='lat' dir='ltr'><strong>quievit</strong></span> <span class='ocrx_word' id='word_1_175' title='bbox 199 2770 299 2844; x_wconf 83' lang='lat' dir='ltr'><strong>unus),</strong></span> <span class='ocrx_word' id='word_1_176' title='bbox 322 2769 347 2830; x_wconf 90' lang='lat' dir='ltr'><strong>si</strong></span> <span class='ocrx_word' id='word_1_177' title='bbox 369 2787 450 2830; x_wconf 90' lang='lat' dir='ltr'><strong>meas</strong></span> <span class='ocrx_word' id='word_1_178' title='bbox 472 2769 573 2830; x_wconf 89' lang='lat' dir='ltr'><strong>laudes</strong></span> <span class='ocrx_word' id='word_1_179' title='bbox 596 2770 675 2831; x_wconf 89' lang='lat' dir='ltr'><strong>canit</strong></span> 
     </span>
    </p>

    <p class='ocr_par' dir='ltr' id='par_1_8' title="bbox 66 2852 784 2934">
     <span class='ocr_line' id='line_1_31' title="bbox 66 2852 784 2934; baseline -0.003 -17"><span class='ocrx_word' id='word_1_180' title='bbox 66 2867 227 2933; x_wconf 88' lang='lat' dir='ltr'><strong>utrumque</strong></span> <span class='ocrx_word' id='word_1_181' title='bbox 250 2852 363 2914; x_wconf 88' lang='lat' dir='ltr'><strong>Phoebi</strong></span> <span class='ocrx_word' id='word_1_182' title='bbox 384 2853 455 2914; x_wconf 91' lang='lat' dir='ltr'><strong>litus</strong></span> <span class='ocrx_word' id='word_1_183' title='bbox 478 2864 507 2914; x_wconf 93' lang='lat' dir='ltr'><strong>et</strong></span> <span class='ocrx_word' id='word_1_184' title='bbox 529 2853 666 2934; x_wconf 77' lang='lat' dir='ltr'><strong>Scythiae</strong></span> <span class='ocrx_word' id='word_1_185' title='bbox 689 2873 784 2933; x_wconf 91' lang='lat' dir='ltr'><strong>genus</strong></span> 
     </span>
    </p>

    <p class='ocr_par' dir='ltr' id='par_1_9' title="bbox 66 2937 738 3016">
     <span class='ocr_line' id='line_1_32' title="bbox 66 2937 738 3016; baseline -0.004 -14"><span class='ocrx_word' id='word_1_186' title='bbox 66 2953 96 3002; x_wconf 90' lang='lat' dir='ltr'><strong>et</strong></span> <span class='ocrx_word' id='word_1_187' title='bbox 118 2940 215 3001; x_wconf 88' lang='lat' dir='ltr'><strong>omnis</strong></span> <span class='ocrx_word' id='word_1_188' title='bbox 237 2937 345 2999; x_wconf 90' lang='lat' dir='ltr'><strong>ardens</strong></span> <span class='ocrx_word' id='word_1_189' title='bbox 367 2956 418 2998; x_wconf 86' lang='lat' dir='ltr'><strong>ora</strong></span> <span class='ocrx_word' id='word_1_190' title='bbox 441 2956 529 3016; x_wconf 89' lang='lat' dir='ltr'><strong>quam</strong></span> <span class='ocrx_word' id='word_1_191' title='bbox 550 2946 644 3000; x_wconf 86' lang='lat' dir='ltr'><strong>terret</strong></span> <span class='ocrx_word' id='word_1_192' title='bbox 666 2939 738 3016; x_wconf 87' lang='lat' dir='ltr'><strong>dies,</strong></span> 
     </span>
    </p>

    <p class='ocr_par' dir='ltr' id='par_1_10' title="bbox 66 3022 735 3103">
     <span class='ocr_line' id='line_1_33' title="bbox 66 3022 735 3103; baseline -0.001 -18"><span class='ocrx_word' id='word_1_193' title='bbox 66 3025 92 3085; x_wconf 89' lang='lat' dir='ltr'><strong>si</strong></span> <span class='ocrx_word' id='word_1_194' title='bbox 115 3043 187 3103; x_wconf 87' lang='lat' dir='ltr'><strong>pace</strong></span> <span class='ocrx_word' id='word_1_195' title='bbox 209 3022 298 3084; x_wconf 91' lang='lat' dir='ltr'><strong>tellus</strong></span> <span class='ocrx_word' id='word_1_196' title='bbox 320 3023 419 3103; x_wconf 86' lang='lat' dir='ltr'><strong>plena,</strong></span> <span class='ocrx_word' id='word_1_197' title='bbox 442 3023 467 3083; x_wconf 96' lang='lat' dir='ltr'><strong>si</strong></span> <span class='ocrx_word' id='word_1_198' title='bbox 490 3023 589 3085; x_wconf 90' lang='lat' dir='ltr'><strong>nullae</strong></span> <span class='ocrx_word' id='word_1_199' title='bbox 613 3032 735 3102; x_wconf 88' lang='lat' dir='ltr'><strong>gemunt</strong></span> 
     </span>
    </p>

    <p class='ocr_par' dir='ltr' id='par_1_11' title="bbox 67 3107 800 3188">
     <span class='ocr_line' id='line_1_34' title="bbox 67 3107 800 3188; baseline -0.003 -17"><span class='ocrx_word' id='word_1_200' title='bbox 67 3109 158 3171; x_wconf 90' lang='lat' dir='ltr'><strong>urbes</strong></span> <span class='ocrx_word' id='word_1_201' title='bbox 172 3127 237 3185; x_wconf 20' lang='lat' dir='ltr'><strong>*nec</strong></span> <span class='ocrx_word' id='word_1_202' title='bbox 260 3125 324 3169; x_wconf 89' lang='lat' dir='ltr'><strong>aras</strong></span> <span class='ocrx_word' id='word_1_203' title='bbox 347 3108 452 3188; x_wconf 91' lang='lat' dir='ltr'><strong>impias</strong></span> <span class='ocrx_word' id='word_1_204' title='bbox 474 3107 631 3187; x_wconf 88' lang='lat' dir='ltr'><strong>quisquam</strong></span> <span class='ocrx_word' id='word_1_205' title='bbox 654 3108 800 3187; x_wconf 85' lang='lat' dir='ltr'><strong>inquinat,</strong></span> 
     </span>
    </p>

    <p class='ocr_par' dir='ltr' id='par_1_12' title="bbox 67 3192 899 3340">
     <span class='ocr_line' id='line_1_35' title="bbox 67 3192 899 3272; baseline -0.002 -16"><span class='ocrx_word' id='word_1_206' title='bbox 67 3195 93 3256; x_wconf 89' lang='lat' dir='ltr'><strong>si</strong></span> <span class='ocrx_word' id='word_1_207' title='bbox 115 3192 226 3256; x_wconf 88' lang='lat' dir='ltr'><strong>scelera</strong></span> <span class='ocrx_word' id='word_1_208' title='bbox 248 3193 365 3269; x_wconf 87' lang='lat' dir='ltr'><strong>desunt,</strong></span> <span class='ocrx_word' id='word_1_209' title='bbox 389 3193 525 3272; x_wconf 92' lang='lat' dir='ltr'><strong>spiritum</strong></span> <span class='ocrx_word' id='word_1_210' title='bbox 549 3193 668 3255; x_wconf 89' lang='lat' dir='ltr'><strong>admitte</strong></span> <span class='ocrx_word' id='word_1_211' title='bbox 689 3194 771 3255; x_wconf 87' lang='lat' dir='ltr'><strong>hune</strong></span> <span class='ocrx_word' id='word_1_212' title='bbox 792 3209 899 3272; x_wconf 76' lang='lat' dir='ltr'><strong>precor</strong></span> 
     </span>
     <span class='ocr_line' id='line_1_36' title="bbox 67 3277 774 3340; baseline -0.001 0"><span class='ocrx_word' id='word_1_213' title='bbox 67 3281 99 3340; x_wconf 94' lang='lat' dir='ltr'><strong>in</strong></span> <span class='ocrx_word' id='word_1_214' title='bbox 123 3289 210 3339; x_wconf 89' lang='lat' dir='ltr'><strong>astra.</strong></span> <span class='ocrx_word' id='word_1_215' title='bbox 254 3296 315 3339; x_wconf 90' lang='lat' dir='ltr'><strong>non</strong></span> <span class='ocrx_word' id='word_1_216' title='bbox 338 3296 386 3339; x_wconf 91' lang='lat' dir='ltr'><strong>me</strong></span> <span class='ocrx_word' id='word_1_217' title='bbox 407 3277 512 3339; x_wconf 88' lang='lat' dir='ltr'><strong>mortis</strong></span> <span class='ocrx_word' id='word_1_218' title='bbox 534 3278 667 3339; x_wconf 81' lang='lat' dir='ltr'><strong>internae</strong></span> <span class='ocrx_word' id='word_1_219' title='bbox 689 3277 774 3340; x_wconf 85' lang='lat' dir='ltr'><strong>loeus</strong></span> 
     </span>
    </p>
   </div>
   <div class='ocr_carea' id='block_1_3' title="bbox 68 3425 1146 4025">
    <p class='ocr_par' dir='ltr' id='par_1_13' title="bbox 68 3425 1146 4025">
     <span class='ocr_line' id='line_1_37' title="bbox 156 3425 1144 3494; baseline -0.004 -13"><span class='ocrx_word' id='word_1_220' title='bbox 156 3431 221 3481; x_wconf 87' lang='grc'>1676</span> <span class='ocrx_word' id='word_1_221' title='bbox 240 3432 314 3480; x_wconf 88' lang='lat' dir='ltr'><strong>vasto</strong></span> <span class='ocrx_word' id='word_1_222' title='bbox 332 3429 436 3480; x_wconf 84' lang='lat' dir='ltr'><strong>verbera</strong></span> <span class='ocrx_word' id='word_1_223' title='bbox 453 3428 480 3478; x_wconf 89' lang='lat' dir='ltr'><strong>in</strong></span> <span class='ocrx_word' id='word_1_224' title='bbox 498 3427 598 3494; x_wconf 80' lang='lat' dir='ltr'><strong>plantus</strong></span> <span class='ocrx_word' id='word_1_225' title='bbox 616 3428 677 3479; x_wconf 83' lang='lat' dir='ltr'><strong>furit</strong></span> <span class='ocrx_word' id='word_1_226' title='bbox 693 3427 719 3478; x_wconf 99' lang='grc' dir='ltr'><em>Ε</em></span> <span class='ocrx_word' id='word_1_227' title='bbox 800 3429 864 3480; x_wconf 96' lang='grc'>1677</span> <span class='ocrx_word' id='word_1_228' title='bbox 883 3425 986 3478; x_wconf 84' lang='grc'>6661166</span> <span class='ocrx_word' id='word_1_229' title='bbox 1004 3425 1104 3478; x_wconf 86' lang='lat' dir='ltr'><strong>firmum</strong></span> <span class='ocrx_word' id='word_1_230' title='bbox 1124 3432 1144 3491; x_wconf 89' lang='grc' dir='ltr'><strong><em>ς</em></strong></span> 
     </span>
     <span class='ocr_line' id='line_1_38' title="bbox 70 3495 1143 3550; baseline -0.001 -1"><span class='ocrx_word' id='word_1_231' title='bbox 70 3499 136 3550; x_wconf 91' lang='grc'>1679</span> <span class='ocrx_word' id='word_1_232' title='bbox 152 3511 194 3548; x_wconf 89' lang='lat' dir='ltr'><strong>me</strong></span> <span class='ocrx_word' id='word_1_233' title='bbox 213 3512 263 3549; x_wconf 84' lang='lat' dir='ltr'><strong>om.</strong></span> <span class='ocrx_word' id='word_1_234' title='bbox 282 3495 307 3545; x_wconf 90' lang='grc' dir='ltr'><em>Ε</em></span> <span class='ocrx_word' id='word_1_235' title='bbox 381 3495 551 3548; x_wconf 73' lang='grc'>1686666661</span> <span class='ocrx_word' id='word_1_236' title='bbox 568 3495 593 3546; x_wconf 90' lang='grc' dir='ltr'><em>Ε</em></span> <span class='ocrx_word' id='word_1_237' title='bbox 662 3498 728 3550; x_wconf 79' lang='grc'>1662</span> <span class='ocrx_word' id='word_1_238' title='bbox 746 3500 869 3548; x_wconf 87' lang='lat' dir='ltr'><strong>tremente</strong></span> <span class='ocrx_word' id='word_1_239' title='bbox 887 3510 922 3545; x_wconf 74' lang='lat' dir='ltr'><strong>aa</strong></span> <span class='ocrx_word' id='word_1_240' title='bbox 939 3497 1064 3545; x_wconf 86' lang='lat' dir='ltr'><strong>tremente</strong></span> <span class='ocrx_word' id='word_1_241' title='bbox 1083 3497 1143 3548; x_wconf 84' lang='lat' dir='ltr'><strong>lm.</strong></span> 
     </span>
     <span class='ocr_line' id='line_1_39' title="bbox 68 3561 1143 3628; baseline -0.003 -12"><span class='ocrx_word' id='word_1_242' title='bbox 68 3565 94 3616; x_wconf 93' lang='grc' dir='ltr'><em>Ε</em></span> <span class='ocrx_word' id='word_1_243' title='bbox 165 3567 229 3617; x_wconf 82' lang='grc'>1661</span> <span class='ocrx_word' id='word_1_244' title='bbox 249 3564 323 3615; x_wconf 78' lang='lat' dir='ltr'><strong>vultu</strong></span> <span class='ocrx_word' id='word_1_245' title='bbox 339 3563 390 3614; x_wconf 83' lang='grc' dir='ltr'><strong>ΕΑ</strong></span> <span class='ocrx_word' id='word_1_246' title='bbox 459 3566 524 3616; x_wconf 84' lang='grc'>1685</span> <span class='ocrx_word' id='word_1_247' title='bbox 544 3563 628 3616; x_wconf 88' lang='lat' dir='ltr'><strong>obitus</strong></span> <span class='ocrx_word' id='word_1_248' title='bbox 646 3565 671 3614; x_wconf 87' lang='lat' dir='ltr'><em>A</em></span> <span class='ocrx_word' id='word_1_249' title='bbox 689 3564 826 3626; x_wconf 56' lang='lat' dir='ltr'><strong>obitum&amp;</strong></span> <span class='ocrx_word' id='word_1_250' title='bbox 896 3564 962 3615; x_wconf 87' lang='grc'>1686</span> <span class='ocrx_word' id='word_1_251' title='bbox 980 3561 1100 3628; x_wconf 81' lang='lat' dir='ltr'><strong>expulsus</strong></span> <span class='ocrx_word' id='word_1_252' title='bbox 1118 3563 1143 3613; x_wconf 96' lang='lat' dir='ltr'><em>A</em></span> 
     </span>
     <span class='ocr_line' id='line_1_40' title="bbox 71 3628 1142 3699; baseline -0.003 -13"><span class='ocrx_word' id='word_1_253' title='bbox 71 3635 135 3686; x_wconf 83' lang='grc'>1687</span> <span class='ocrx_word' id='word_1_254' title='bbox 154 3631 276 3684; x_wconf 87' lang='lat' dir='ltr'><strong>moriture</strong></span> <span class='ocrx_word' id='word_1_255' title='bbox 293 3631 400 3696; x_wconf 76' lang='lat' dir='ltr'><strong>ingemit</strong></span> <span class='ocrx_word' id='word_1_256' title='bbox 417 3632 443 3681; x_wconf 93' lang='lat' dir='ltr'><em>A</em></span> <span class='ocrx_word' id='word_1_257' title='bbox 464 3645 570 3699; x_wconf 85' lang='lat' dir='ltr'><strong>puerum</strong></span> <span class='ocrx_word' id='word_1_258' title='bbox 589 3630 695 3699; x_wconf 77' lang='lat' dir='ltr'><strong>ingemit</strong></span> <span class='ocrx_word' id='word_1_259' title='bbox 712 3631 736 3682; x_wconf 89' lang='grc' dir='ltr'><em>Ε</em></span> <span class='ocrx_word' id='word_1_260' title='bbox 754 3633 876 3682; x_wconf 76' lang='lat' dir='ltr'><strong>correxit</strong></span> <span class='ocrx_word' id='word_1_261' title='bbox 892 3628 927 3682; x_wconf 89' lang='grc' dir='ltr'><strong>Ν.</strong></span> <span class='ocrx_word' id='word_1_262' title='bbox 940 3630 1064 3680; x_wconf 74' lang='lat' dir='ltr'><strong>Heinsius</strong></span> <span class='ocrx_word' id='word_1_263' title='bbox 1082 3629 1142 3683; x_wconf 77' lang='lat' dir='ltr'><strong>adv.</strong></span> 
     </span>
     <span class='ocr_line' id='line_1_41' title="bbox 68 3697 1144 3767; baseline -0.005 -14"><span class='ocrx_word' id='word_1_264' title='bbox 68 3700 159 3767; x_wconf 71' lang='lat' dir='ltr'><strong>pant</strong></span> <span class='ocrx_word' id='word_1_265' title='bbox 212 3701 275 3752; x_wconf 89' lang='grc'>1691</span> <span class='ocrx_word' id='word_1_266' title='bbox 296 3699 449 3765; x_wconf 85' lang='lat' dir='ltr'><strong>ants&#39;up.A</strong></span> <span class='ocrx_word' id='word_1_267' title='bbox 499 3701 563 3753; x_wconf 81' lang='grc'>1692</span> <span class='ocrx_word' id='word_1_268' title='bbox 582 3698 788 3752; x_wconf 68' lang='grc' dir='ltr'>6666166666Ε.</span> <span class='ocrx_word' id='word_1_269' title='bbox 844 3700 908 3752; x_wconf 86' lang='grc'>1694</span> <span class='ocrx_word' id='word_1_270' title='bbox 927 3697 1072 3750; x_wconf 75' lang='grc'>66666666.</span> <span class='ocrx_word' id='word_1_271' title='bbox 1086 3713 1144 3748; x_wconf 81' lang='lat' dir='ltr'><strong>eor·</strong></span> 
     </span>
     <span class='ocr_line' id='line_1_42' title="bbox 69 3763 1143 3835; baseline -0.003 -15"><span class='ocrx_word' id='word_1_272' title='bbox 69 3773 131 3820; x_wconf 72' lang='lat' dir='ltr'><strong>rexi</strong></span> <span class='ocrx_word' id='word_1_273' title='bbox 201 3769 266 3821; x_wconf 91' lang='grc'>1696</span> <span class='ocrx_word' id='word_1_274' title='bbox 285 3782 335 3818; x_wconf 86' lang='lat' dir='ltr'><strong>om.</strong></span> <span class='ocrx_word' id='word_1_275' title='bbox 353 3766 378 3816; x_wconf 89' lang='grc' dir='ltr'><em>Ε</em></span> <span class='ocrx_word' id='word_1_276' title='bbox 449 3769 512 3820; x_wconf 91' lang='grc'>1697</span> <span class='ocrx_word' id='word_1_277' title='bbox 532 3772 558 3818; x_wconf 86' lang='grc'><strong>16</strong></span> <span class='ocrx_word' id='word_1_278' title='bbox 583 3773 608 3818; x_wconf 86' lang='grc'><strong>16</strong></span> <span class='ocrx_word' id='word_1_279' title='bbox 629 3768 701 3833; x_wconf 76' lang='lat' dir='ltr'><strong>pater</strong></span> <span class='ocrx_word' id='word_1_280' title='bbox 719 3767 751 3820; x_wconf 89' lang='grc' dir='ltr'><strong>Ε.</strong></span> <span class='ocrx_word' id='word_1_281' title='bbox 769 3795 803 3804; x_wconf 88' lang='lat'><strong>-·-</strong></span> <span class='ocrx_word' id='word_1_282' title='bbox 825 3780 901 3833; x_wconf 88' lang='lat' dir='ltr'><strong>quem</strong></span> <span class='ocrx_word' id='word_1_283' title='bbox 921 3782 947 3818; x_wconf 89' lang='grc'><strong>6.</strong></span> <span class='ocrx_word' id='word_1_284' title='bbox 965 3782 988 3817; x_wconf 86' lang='lat' dir='ltr'><strong>t.</strong></span> <span class='ocrx_word' id='word_1_285' title='bbox 1006 3763 1143 3835; x_wconf 71' lang='grc'>(116666-</span> 
     </span>
     <span class='ocr_line' id='line_1_43' title="bbox 69 3833 1143 3889; baseline -0.004 0"><span class='ocrx_word' id='word_1_286' title='bbox 69 3836 130 3889; x_wconf 87' lang='lat' dir='ltr'><strong>sivit</strong></span> <span class='ocrx_word' id='word_1_287' title='bbox 146 3851 213 3889; x_wconf 87' lang='lat' dir='ltr'><strong>nnus</strong></span> <span class='ocrx_word' id='word_1_288' title='bbox 231 3835 307 3888; x_wconf 75' lang='lat' dir='ltr'><strong>codd.</strong></span> <span class='ocrx_word' id='word_1_289' title='bbox 325 3837 435 3886; x_wconf 65' lang='grc'>6666661</span> <span class='ocrx_word' id='word_1_290' title='bbox 497 3838 563 3889; x_wconf 90' lang='grc'>1698</span> <span class='ocrx_word' id='word_1_291' title='bbox 581 3835 692 3888; x_wconf 81' lang='lat' dir='ltr'><strong>canisE</strong></span> <span class='ocrx_word' id='word_1_292' title='bbox 746 3837 812 3887; x_wconf 91' lang='grc'>1699</span> <span class='ocrx_word' id='word_1_293' title='bbox 830 3833 924 3887; x_wconf 77' lang='grc' dir='ltr'><em>οηι.Ε</em></span> <span class='ocrx_word' id='word_1_294' title='bbox 978 3838 1043 3887; x_wconf 88' lang='grc'>1766</span> <span class='ocrx_word' id='word_1_295' title='bbox 1061 3835 1143 3886; x_wconf 89' lang='lat' dir='ltr'><strong>omnis</strong></span> 
     </span>
     <span class='ocr_line' id='line_1_44' title="bbox 70 3901 1146 4025; baseline -0.005 -68"><span class='ocrx_word' id='word_1_296' title='bbox 70 3919 157 4025; x_wconf 38' lang='lat' dir='ltr'><strong>{amens</strong></span> <span class='ocrx_word' id='word_1_297' title='bbox 176 3918 219 3988; x_wconf 73' lang='lat' dir='ltr'><strong>ere</strong></span> <span class='ocrx_word' id='word_1_298' title='bbox 236 3904 280 3971; x_wconf 91' lang='lat' dir='ltr'><strong>qui</strong></span> <span class='ocrx_word' id='word_1_299' title='bbox 292 3902 358 4024; x_wconf 46' lang='lat'><strong>&amp;04</strong></span> <span class='ocrx_word' id='word_1_300' title='bbox 380 3905 443 3956; x_wconf 87' lang='grc'>1761</span> <span class='ocrx_word' id='word_1_301' title='bbox 463 3918 538 4022; x_wconf 51' lang='lat' dir='ltr'><strong>parje</strong></span> <span class='ocrx_word' id='word_1_302' title='bbox 556 3903 580 3953; x_wconf 91' lang='grc' dir='ltr'><em>Ε</em></span> <span class='ocrx_word' id='word_1_303' title='bbox 641 3907 704 3956; x_wconf 87' lang='grc'>1763</span> <span class='ocrx_word' id='word_1_304' title='bbox 723 3901 860 3954; x_wconf 84' lang='lat' dir='ltr'><strong>admittiA</strong></span> <span class='ocrx_word' id='word_1_305' title='bbox 877 3903 965 3955; x_wconf 87' lang='lat' dir='ltr'><strong>amitte</strong></span> <span class='ocrx_word' id='word_1_306' title='bbox 981 3903 1006 3955; x_wconf 93' lang='grc' dir='ltr'><em>Ε</em></span> <span class='ocrx_word' id='word_1_307' title='bbox 1024 3906 1146 3955; x_wconf 67' lang='lat' dir='ltr'><strong>annexit</strong></span> 
     </span>
     <span class='ocr_line' id='line_1_45' title="bbox 94 3986 1123 4024; baseline -0.002 -1"><span class='ocrx_word' id='word_1_308' title='bbox 94 3986 222 4024; x_wconf 77' lang='lat' dir='ltr'><strong>renovans</strong></span> <span class='ocrx_word' id='word_1_309' title='bbox 376 3987 423 4024; x_wconf 86' lang='grc'><strong>666</strong></span> <span class='ocrx_word' id='word_1_310' title='bbox 440 3986 480 4024; x_wconf 85' lang='lat' dir='ltr'><strong>me</strong></span> <span class='ocrx_word' id='word_1_311' title='bbox 1118 4004 1123 4009; x_wconf 95' lang='lat'>-</span> 
     </span>
    </p>
   </div>
   <div class='ocr_carea' id='block_1_4' title="bbox 0 0 1300 4366">
    <p class='ocr_par' dir='ltr' id='par_1_14' title="bbox 0 0 1300 4366">
     <span class='ocr_line' id='line_1_46' title="bbox 0 0 1300 4366; baseline 0 0"><span class='ocrx_word' id='word_1_312' title='bbox 0 0 1300 4366; x_wconf 95' lang='lat' dir='ltr'><strong> </strong></span> 
     </span>
    </p>
   </div>
  </div>
 </body>
</html>
