2580 4366
518 259 694 304 solutumst
723 286 727 294 ·

67 407 179 470 incerta
202 407 315 469 dubitat
337 408 415 469 unda
439 409 486 470 cui
509 411 593 472 cedat
614 412 702 473 malo.

67 494 193 572 proinde
215 493 301 554 omisi
323 494 456 570 regimen
480 514 496 556 e
518 497 654 558 manibus
677 498 765 558 meis:

68 596 258 659 quocumque
280 597 327 639 me
349 579 402 651 ira,
426 599 485 659 quo
508 581 602 652 dolor,
627 600 686 661 quo
709 600 779 661 spes
800 583 884 655 leret,

66 666 125 726 huc
148 665 191 725 ire
212 681 350 743 pergem3
373 664 512 726 fluctibus
533 659 669 735 dedimus
690 679 798 728 ratem:

68 749 118 810 uhi
139 751 255 811 animus
279 757 365 824 errat,
390 749 533 828 optimum
557 761 601 812 est
621 769 723 812 casum
747 751 843 830 sequi.

66 854 149 896 nvrn.
195 832 283 895 Caeca
307 844 352 895 est
373 834 523 896 temeritas
545 854 621 914 quae
643 837 718 916 petit
738 854 839 897 casum
861 836 976 898 ducem.

67 939 148 981 cnm.
193 917 246 978 Cui
268 918 371 979 ultime
394 928 439 980 est
461 921 589 995 fortuna,
613 923 684 1000 quid
707 921 824 982 dubiam
847 919 952 982 timet?

65 1025 148 1067 nvrn.
193 1003 269 1063 Tuta
292 1012 337 1064 est
359 1003 487 1083 latetque
509 1007 607 1084 culpa,
630 1007 655 1067 si
677 1006 796 1086 pateris,
819 1015 878 1067 tua.

65 1109 145 1152 enm.
190 1088 328 1150 Perlucet
349 1107 438 1150 omne
459 1090 557 1169 regiae
580 1091 682 1151 vitium
704 1091 820 1152 domus.

64 1193 149 1236 nvrn.
193 1174 277 1251 Piget
297 1172 406 1253 prioris
429 1185 458 1234 et
479 1193 588 1236 novum
611 1176 723 1236 crimen
746 1172 860 1237 struis?

65 1279 147 1321 eurr.
191 1258 249 1319 Res
271 1268 316 1319 est
338 1261 472 1336 prolecto
494 1259 582 1321 stulta
605 1261 754 1339 nequitiae
776 1262 892 1321 modus.

64 1363 148 1406 nvrn.
193 1343 278 1414 Quod
301 1344 405 1405 metuit
426 1355 515 1422 auget
537 1346 587 1424 qui
610 1347 709 1407 scelus
730 1345 843 1406 scelere
865 1346 974 1407 obruit.

65 1448 146 1492 cnrr.
191 1429 228 1489 m
249 1428 362 1489 serrum
384 1439 413 1490 et
435 1429 513 1508 ignis
535 1449 624 1509 saepe
644 1431 809 1492 medicinae
829 1430 895 1491 loco
919 1442 972 1492 est.

64 1532 148 1577 uvrn.
193 1514 329 1573 Extrema
353 1513 448 1592 primo
471 1533 559 1574 nemo
582 1515 735 1594 temptavit
756 1514 832 1576 loco.

66 1617 147 1660 enm.
190 1597 342 1677 Rapienda
363 1596 452 1658 rehus
475 1599 505 1658 in
529 1599 613 1659 malis
636 1617 779 1679 praeceps
801 1600 844 1659 via
868 1609 921 1661 est.

64 1702 148 1746 nvrn.
192 1686 229 1742 dt
250 1694 279 1744 te
301 1683 432 1743 reflectat
454 1683 574 1762 coniugi
597 1703 706 1745 nomen
729 1702 856 1744 sacrum.

65 1788 146 1830 eurr.
179 1767 298 1830 Decem
321 1786 375 1846 per
396 1786 491 1828 annos
512 1768 598 1829 vidua
620 1768 775 1848 respiciam
799 1767 916 1829 virum?

64 1873 148 1915 uvrn.
192 1852 362 1913 Meminisse
384 1852 474 1912 dehes
497 1852 607 1913 sobolis
629 1872 664 1914 ex
686 1852 737 1914 illo
759 1863 857 1917 tuae..

65 1957 147 2000 eurr.
192 1936 335 2017 Equidem
358 1945 388 1996 et
409 1937 521 2015 iugales
543 1938 619 1999 filiae
641 1938 763 1999 memini
784 1939 863 1999 laces

66 2034 95 2085 et
117 2041 262 2101 generum
283 2021 442 2083 Achillem:
466 2022 613 2101 praestitit
635 2023 720 2083 matri
741 2022 840 2084 fidem.

64 2127 148 2170 nere.
192 2107 327 2168 Redemit
348 2106 396 2167 illa
419 2107 520 2168 classis
543 2108 680 2169 immotae
702 2126 800 2168 moras

65 2202 94 2254 et
116 2192 207 2253 maria
228 2191 313 2272 pigro
336 2192 391 2252 fixa
413 2192 557 2271 languore
579 2193 706 2273 impulit.

64 2297 146 2340 eurr.
191 2277 286 2338 Pudet
308 2277 446 2355 doletque
468 2311 512 2321 -
533 2278 687 2357 Tyndaris,
711 2277 784 2339 caeli
808 2295 913 2356 genus,

64 2362 186 2424 lustrale
208 2361 293 2423 classi
316 2361 440 2424 Doricae
463 2362 566 2442 peperi
590 2372 687 2442 caput.

65 2447 187 2509 revolvit
208 2447 325 2508 animus
348 2447 469 2526 virginis
491 2448 634 2508 thalamos
657 2467 739 2510 meae

64 2551 140 2612 quos
163 2532 212 2593 ille
235 2531 341 2610 dignos
363 2532 483 2611 Pelopia
506 2533 576 2594 lecit
597 2534 695 2606 domo,

63 2637 133 2679 cum
155 2617 235 2679 stetit
257 2617 291 2677 ad
314 2634 378 2677 aras
402 2635 453 2677 ore
475 2617 608 2677 sacrifico
634 2629 716 2693 pater

64 2722 152 2782 quam
175 2701 339 2781 nuptialesl
378 2702 494 2762 horruit
516 2700 637 2763 Calchas
659 2721 730 2763 suae
759 2720 766 2739 r
801 2745 802 2749 ,
843 2732 847 2737 <

64 2805 208 2867 responsa
230 2785 310 2846 vocis
332 2795 361 2846 et
383 2787 555 2847 recedentes
577 2787 669 2851 locos.

63 2893 81 2932 o
105 2871 214 2933 scelera
237 2889 354 2949 semper
376 2870 539 2932 sceleribus
561 2870 683 2931 vincens
705 2871 820 2943 domus,

64 2975 171 3019 cruore
192 2965 296 3017 ventos
318 2956 453 3029 emimus,
476 2954 585 3016 bellum
608 2956 699 3017 necel

63 3042 116 3103 sed
139 3042 199 3101 vela
223 3041 333 3120 pariter
355 3041 435 3101 mille
460 3042 597 3101 lecerunt
617 3038 718 3102 rates?

63 3144 126 3188 non
149 3134 193 3188 est
215 3125 310 3187 soluta
332 3143 478 3206 prospero
501 3125 605 3186 classis
627 3127 697 3187 deo:

64 3212 150 3273 eiecit
174 3212 255 3272 Aulis
278 3210 383 3289 impias
407 3220 495 3291 portu
518 3218 606 3270 rates.

63 3296 108 3359 sic
130 3296 300 3376 auspicatus
322 3295 397 3357 helle
420 3314 481 3356 non
504 3287 718 3372 melius‘gerit.

62 3400 164 3444 amore
186 3389 287 3461 captae
309 3389 423 3459 captus,
446 3381 585 3440 immotus
608 3396 697 3458 prece
1097 3388 1140 3438 tto
1233 3374 1235 3378 ’

62 3466 214 3528 Zminthea
239 3465 334 3526 tenuit
356 3463 449 3544 spolia
472 3463 602 3525 Phoebei
624 3463 715 3536 senis,

153 3652 198 3701 143
216 3649 265 3700 hoc
283 3648 316 3700 li.
334 3645 475 3697 —dedam
494 3647 519 3697 A
608 3649 654 3699 146
672 3645 776 3697 dubium
794 3647 819 3696 A
909 3649 955 3699 154
973 3645 1095 3714 capienda
1115 3647 1140 3697 A

64 3717 162 3770 158111
197 3715 282 3768 uidem
300 3715 325 3766 Ε
395 3717 452 3767 160.
472 3716 518 3766 161
540 3713 765 3781 Clytaemestrae
783 3714 920 3778 duntur&
994 3718 1040 3768 161
1061 3715 1138 3780 lango

61 3733 206 3851 impulitid
294 3786 342 3836 162
361 3781 439 3850 pudet
458 3783 579 3850 pigetque
596 3784 622 3833 A
704 3784 752 3836 163
771 3781 870 3851 peperit
888 3782 913 3832 A
996 3783 1139 3836 16611611-

58 3853 121 3919 lego
134 3853 159 3903 A
213 3854 259 3904 161
279 3851 352 3917 quasi
370 3855 441 3916 nupt.
459 3852 493 3903 A.
509 3879 543 3888 -
562 3850 684 3918 nuptialis
696 3849 730 3902 Ε.
747 3878 780 3888 -
799 3849 955 3902 chalchasd'
1009 3853 1056 3904 110
1075 3853 1138 3903 emi·

61 3921 153 3972 nusll
227 3922 272 3971 111
293 3923 396 3970 numos·
420 3919 501 3969 datter
518 3921 545 3982 ς.
570 3947 604 3957 —
627 3917 672 3970 sed
697 3918 807 3969 bellall
887 3921 934 3971 113
952 3919 1028 3972 eiecit
1046 3918 1140 3969 aliod

64 3992 113 4042 116
131 3987 245 4040 Phoebei
261 3986 333 4039 ducis
349 3988 373 4037 A
