2580 4366
535 217 654 260 ocultis

53 367 167 448 pulsata
190 365 293 446 palmis
316 374 436 446 pectora
458 375 487 427 et
508 366 590 428 lusae
613 365 735 430 comae?

56 450 192 514 Octaviae
214 451 334 512 discidia
357 452 536 531 planxerunt
557 469 658 514 sacros

55 538 133 599 inter
156 544 278 616 penates
299 536 398 599 fratris
420 546 450 599 et
470 537 597 617 patrium
619 538 719 599 larem.

54 621 183 696 taxilla,
207 639 294 700 quam
317 630 417 683 secuta
440 641 482 697 es,
506 623 655 700 Augustae
676 641 766 685 manu

54 706 184 788 praelata
207 706 317 767 clarum
341 725 449 768 nomen
472 706 580 768 invidia
602 706 656 770 tihi

55 800 173 873 partum
196 791 353 853 ominatur.
397 792 526 853 inferum
549 793 634 854 sedes
655 801 737 854 toros

56 875 176 938 stabiles
197 876 314 938 futuros
337 877 465 956 spondet
485 884 621 940 aeternae
643 878 758 939 domus.

55 962 158 1040 iugulo
182 960 261 1039 quod
283 980 384 1023 ensem
407 962 540 1023 condidit
561 963 702 1042 princeps
724 974 809 1026 tuus:

55 1046 131 1109 bella
153 1046 232 1129 haud
253 1045 391 1123 movebit,
414 1065 487 1126 pace
508 1047 560 1109 sed
580 1047 693 1109 ferrum
717 1054 804 1127 teget.

55 1131 197 1210 recollige
218 1131 359 1206 animum,
381 1131 482 1212 recipe
503 1132 653 1209 laetitiam,
675 1150 792 1212 precor,

55 1218 162 1278 timore
183 1216 271 1296 pulso
294 1215 383 1278 redde
405 1225 434 1280 te
456 1217 591 1280 thalamis
612 1218 681 1280 tuis.

55 1321 120 1363 ror.
164 1300 291 1363 Delubra
314 1310 343 1363 et
363 1309 551 1385 aras-petere
574 1301 716 1365 constitui
737 1318 845 1377 sacras,

57 1386 150 1449 caesis
171 1387 255 1448 litare
276 1386 402 1449 uictimis
424 1406 535 1450 numen
559 1389 655 1463 deum,

57 1480 91 1535 ut
113 1471 270 1552 expientur
291 1473 387 1533 noctis
410 1479 438 1533 et
460 1473 556 1534 somni
579 1473 676 1534 minae

56 1566 213 1635 terrorque
235 1557 266 1617 in
289 1556 389 1617 hostes
412 1557 511 1620 redeat
533 1557 676 1619 attonitus
698 1574 790 1618 meos.

57 1651 90 1702 tu
112 1649 176 1702 vota
199 1659 255 1721 pro
277 1660 324 1702 me
346 1641 464 1721 suscipe
487 1649 517 1703 et
538 1641 676 1721 precibus
698 1639 756 1721 piis

56 1744 184 1806 superos
207 1726 305 1802 adora,
327 1736 444 1788 maneat
466 1734 499 1787 ut
520 1744 663 1807 praesens
685 1734 788 1787 status.

371 1894 520 1958 cfloxvs

255 2013 288 2074 si
308 2032 375 2076 vera
397 2014 504 2095 loquax
526 2013 602 2075 fama
624 2012 768 2075 Tonantis

187 2098 265 2160 turta
286 2107 314 2160 et
337 2107 436 2178 gratos
459 2107 558 2161 narrat
580 2116 695 2160 amores

189 2189 289 2263 (quem
311 2184 400 2246 inodo
423 2185 518 2246 Ledae
540 2185 684 2264 pressisse
706 2183 805 2244 sinum

188 2275 298 2331 tectum
321 2269 430 2349 plumis
453 2270 620 2349 pennisque
642 2270 753 2344 ferunt,

188 2352 276 2413 modo
298 2355 482 2434 perductus
504 2364 616 2434 raptam
639 2354 780 2433 Europen
812 2364 819 2381 ¹

192 2449 307 2499 taurum
330 2449 414 2520 tergo
437 2447 570 2520 portasse
592 2440 729 2516 trucem),

191 2541 266 2602 quae
288 2526 364 2603 regit
386 2533 415 2587 et
436 2544 518 2588 nunc
540 2526 656 2588 deseret
677 2534 764 2598 astra,

192 2616 273 2687 petet
294 2610 456 2690 amplexus,
477 2609 625 2690 Poppaea,
649 2619 726 2683 tuos,

191 2710 267 2770 quos
289 2701 318 2754 et
339 2694 434 2756 Ledae
456 2695 606 2775 praelerre
627 2703 725 2774 potest

192 2785 221 2838 et
243 2775 306 2854 tibi,
328 2779 478 2857 quondam
501 2779 549 2840 cui
572 2779 690 2839 miranti

192 2862 283 2937 lulvo,
305 2862 414 2940 Danae,
436 2863 521 2926 fluxit
542 2863 574 2924 in
597 2881 679 2925 auro.

193 2947 315 3008 formam
339 2948 444 3029 Sparte
466 2947 553 3009 iactet
573 2948 708 3010 alumnae

193 3031 263 3093 licet
285 3042 314 3095 et
335 3032 482 3114 Phrygius
504 3033 633 3114 praemia
656 3042 771 3112 pastor:

192 3116 290 3179 vincet
311 3119 410 3181 vultus
431 3120 504 3180 haec
525 3118 711 3198 Tyndaridos
757 3198 759 3202 Α

69 3253 274 3264 -ῃ-

1095 3123 1140 3174 tto

153 3335 201 3387 tto
239 3334 321 3387 ulsata
338 3348 415 3386 manu
434 3339 458 3386 ψ
510 3339 559 3390 tto
576 3335 680 3388 dissidia
698 3334 721 3386 L
738 3333 889 3388 descidiaM
904 3331 1042 3397 desidiaQ
1091 3334 1141 3386 ‘its

66 3405 190 3470 augustae
234 3405 269 3466 Π]
289 3407 397 3470 augusta
413 3403 462 3468 zQ
486 3405 570 3469 (vulg.
588 3419 611 3456 o.
630 3405 657 3468 l.)
676 3402 824 3471 augustald
895 3404 944 3456 752
963 3401 1032 3468 quod
1050 3399 1141 3466 MQll]

54 3485 117 3538 *que
135 3469 158 3521 L
175 3471 256 3537 (vulg.
275 3487 299 3524 c.
314 3471 341 3536 l.)
359 3469 405 3521 lto
421 3486 467 3538 per
483 3470 519 3524 N.
537 3500 571 3510 -
587 3471 638 3524 tuis
654 3472 684 3522 M
734 3473 784 3524 too
802 3477 829 3523 et
844 3474 905 3523 vota
928 3470 1005 3523 codd.
1024 3471 1144 3522 corrasit

68 3539 219 3591 Gronovius
277 3543 325 3594 761
345 3553 466 3606 praeseus
483 3544 566 3592 metus
584 3539 660 3591 codd.
678 3543 798 3591 correxit
809 3539 985 3591 Buactatcrua
1037 3540 1087 3592 tot
1105 3537 1144 3589 lo·

66 3620 135 3678 quax
152 3605 297 3673 Nlltlllll]
314 3607 405 3673 loquar
421 3607 518 3672 Mum,
537 3605 559 3670 Q
577 3623 600 3659 o.
620 3607 638 3658 l.
656 3607 749 3674 loquor
767 3606 814 3658 tlh
830 3607 856 3660 lo
876 3622 922 3660 uas
939 3606 962 3658 ll
980 3622 1004 3658 o.
1024 3607 1042 3660 t.
1093 3608 1143 3658 tut

64 3688 144 3745 quem
163 3675 243 3740 tlJLO]
261 3690 311 3742 que
328 3677 380 3726 ΣΠ
430 3678 479 3731 765
497 3675 616 3742 plummis
627 3677 660 3728 Σ.
677 3704 712 3714 -
728 3676 813 3730 lerunt
829 3623 885 3739 123]
904 3676 984 3728 ferum
996 3673 1071 3725 xlm
1086 3674 1143 3738 tter·

66 3761 123 3798 rum
142 3745 178 3810 H)
232 3747 282 3798 tou
301 3758 413 3810 europeu
430 3744 464 3808 Σ]
482 3758 602 3810 europem
619 3742 693 3794 tun
714 3758 833 3809 europam
853 3742 875 3807 Q
944 3746 991 3794 atr
1013 3743 1045 3794 al’
1064 3746 1145 3794 muta-

67 3818 110 3865 tus
130 3812 152 3877 Q
168 3815 187 3862 ἰ.
204 3828 258 3878 mg.
312 3813 361 3864 772
378 3809 482 3864 daneN
497 3811 580 3863 danne
599 3814 622 3862 Φ
640 3810 821 3863 damneMLH
834 3809 943 3878 dampne
965 3809 1011 3862 Tu
1029 3809 1145 3878 dapneQ

67 3883 190 4002 gffiscit
204 3881 346 3997 {cantius
364 3909 398 3918 -
416 3879 491 3931 fulxit
509 3879 531 3944 Q
548 3878 619 3932 fulsit
636 3878 686 3931 BT
751 3883 800 3934 tta
824 3880 903 3931 iactat
920 3878 992 3930 IlLT
1007 3880 1102 3932 iactent
1120 3880 1146 3931 D

156 3962 187 3999 oc
686 3975 690 3982 ·
763 3962 766 3965 ·
