2602 4380
110 193 172 262 146
458 205 497 249 nc
519 203 697 247 caurreonvu
719 166 832 247 nouum.

107 355 251 438 potentia.
294 356 350 418 iam
380 372 449 418 vero
479 354 502 415 si
529 354 697 434 perieulum
725 353 815 415 lacias
843 370 961 415 carmen
993 361 1052 413 tum
1081 364 1187 432 aperte

106 442 234 521 singulis
262 439 415 521 particulis
437 448 582 503 constans
610 438 641 499 in
674 439 811 518 strophas
838 436 1037 513 discribendi,
1072 438 1186 500 videbis

108 525 266 608 particulas
288 526 358 587 istas
380 524 486 586 diversi
508 524 635 585 ambitus
658 542 723 584 esse
741 541 838 601 noque
854 523 1011 601 quicquam
1027 523 1094 602 spei
1107 542 1184 603 pru·

107 611 189 673 denti
210 611 313 671 saltem
334 609 447 670 homini
468 609 598 687 relinqui
619 609 833 671 sententiarum
855 607 1093 686 aequabilitatem
1117 627 1184 670 uum

108 696 296 774 stropharum
325 694 488 773 eurythmia
518 692 735 772 coniungendi:
765 692 794 753 id
824 691 902 772 quod
924 692 1094 770 argumenti
1116 693 1184 755 loco

108 791 206 861 potest
234 798 314 855 esse,
342 779 374 840 in
403 778 446 840 eis
475 778 655 840 carminibus
676 778 714 839 de
739 777 848 856 quibus
872 796 934 839 nou
961 789 1042 840 certo
1068 778 1185 839 ratione

107 865 192 927 aliter
206 864 293 925 statui
307 862 412 943 possit,
433 882 450 925 a
465 864 595 925 Senecae
612 871 675 924 arte
691 862 849 924 consilium
865 862 1055 941 stropharum
1076 863 1184 925 discri-

108 949 271 1011 bendarum
292 948 421 1011 alienum
443 948 544 1010 luisse.

193 1034 319 1095 vidimus
348 1033 439 1111 igitur
459 1034 491 1094 in
514 1033 604 1094 unius
627 1031 745 1093 Medeae
771 1050 830 1092 uno
854 1031 955 1093 saltem
980 1031 1117 1093 carmine
1138 1049 1185 1092 se-

108 1120 251 1181 veriorem
275 1136 415 1198 ,normam
443 1136 585 1196 regnare,
613 1117 643 1178 in
666 1116 790 1195 reliquis
811 1116 971 1194 tragoediis
991 1116 1043 1179 bic
1064 1115 1185 1194 quidem

113 1214 142 1267 et
164 1203 224 1265 illic
247 1203 375 1282 speciem
398 1203 543 1280 quandam
566 1201 779 1281 aequabilitatis
801 1201 853 1262 sed
881 1200 1131 1280 compositionem
1147 1219 1186 1261 -re

60 1332 63 1341 .
111 1307 179 1351 vera
208 1287 387 1367 strephieam
416 1306 562 1366 nusquam
589 1286 776 1349 inveniri-
802 1304 870 1348 uam
898 1304 974 1365 quae
1003 1304 1067 1347 nou
1093 1284 1187 1364 tetigi,

112 1373 213 1435 decis
236 1392 274 1435 ne
294 1371 462 1450 quaestioni
483 1372 602 1450 quidem
623 1371 709 1432 locus
730 1378 784 1431 est.
828 1389 903 1451 quae
930 1371 957 1432 si
983 1371 1083 1433 omnia
1106 1389 1187 1433 com·

111 1457 280 1538 plectimur,
302 1475 426 1536 pmrsus
449 1456 605 1518 descivisse
627 1456 662 1517 ab
677 1455 799 1517 Horatio
815 1455 957 1517 Senecam
974 1462 1103 1531 constat,
1121 1474 1186 1517 uon

112 1552 145 1604 ut
168 1542 204 1603 ad
224 1541 328 1604 Catulli
344 1541 558 1603 Graecorumve
573 1541 708 1615 aliorum,
730 1539 811 1601 velut
826 1539 1030 1615 Anacreontis,
1053 1539 1185 1620 exempla

111 1628 232 1701 rediret,
255 1627 306 1689 sed
328 1635 363 1687 ut
383 1626 449 1704 lege
470 1626 585 1687 solutus
607 1625 758 1687 incederet
772 1625 827 1699 rel,
849 1625 876 1687 si
893 1625 1012 1703 quando
1027 1625 1187 1699 videretur,

110 1713 176 1792 ipso
202 1711 298 1790 legem
329 1710 386 1772 sibi
416 1711 558 1772 scriberet
586 1711 716 1791 ineptam
744 1727 778 1771 ae
807 1710 873 1771 siue
901 1718 963 1772 arte
988 1710 1186 1772 artificiosam.

111 1796 232 1877 rapidus
255 1815 326 1857 saue
348 1805 377 1856 et
398 1795 572 1857 miserabilis
594 1805 663 1875 post
684 1794 839 1856 Horatium
868 1797 1016 1857 summum
1038 1796 1186 1857 artificem

111 1884 223 1961 lapsus.
260 1882 345 1941 euius
367 1880 392 1941 si
415 1899 518 1943 causas
531 1879 722 1958 requirimus,
745 1881 876 1943 Senecae
892 1899 964 1941 aevo
979 1880 1093 1942 dudum
1111 1880 1187 1942 iato-

111 1967 198 2027 riisse
220 1967 363 2045 pulchrae
384 1966 546 2026 severitatis
568 1965 744 2043 decorisque
764 1982 798 2026 re
821 1984 882 2027 non
897 1964 995 2026 verbis
1009 1965 1105 2044 parati
1120 1983 1189 2027 seu·

112 2069 176 2112 sum
201 2051 298 2110 omnia
322 2050 440 2111 docent.
484 2051 562 2129 quod
585 2050 610 2111 si
632 2049 775 2111 miramur
797 2050 959 2112 doctrinam
986 2049 1100 2130 ipsam,
1131 2068 1188 2130 qua

111 2135 251 2196 Horatius
274 2134 396 2195 edoctus
411 2136 545 2195 Aeolium
568 2152 687 2195 carmen
710 2134 825 2213 primus
846 2134 882 2195 ad
904 2134 993 2195 ltalos
1007 2135 1115 2196 modos
1138 2136 1187 2196 de·

112 2220 211 2293 duxit,
241 2227 298 2279 tam
329 2219 387 2279 cito
417 2220 587 2294 evanuisse,
618 2228 741 2298 quotum
771 2237 918 2299 quemque
948 2227 1036 2298 putas
1058 2220 1189 2283 Senecae

112 2323 181 2365 aevo
204 2304 301 2382 ipsum
318 2304 456 2365 tlleaeum
474 2303 581 2365 adiisse
597 2311 713 2383 praeter
728 2303 882 2365 Horatium
897 2323 912 2365 a
927 2322 989 2383 quo
1005 2304 1188 2366 carminibus

112 2387 276 2468 pangendis
297 2386 518 2450 instmeretur?
552 2389 663 2450 Seneca
692 2389 794 2450 saltem
818 2408 856 2449 ne
878 2389 1045 2467 tragoedias
1066 2389 1187 2470 quidem

111 2482 228 2553 praeter
255 2490 374 2533 suarum
403 2473 497 2551 ipsius
526 2474 702 2553 exemplaria
730 2474 882 2551 pernovit:
912 2473 1004 2534 semel
1034 2474 1187 2554 Euripidis

111 2575 213 2617 versus
243 2557 338 2630 adlert
366 2561 425 2636 (ep.
451 2561 526 2628 tto,
558 2561 608 2632 14)
638 2578 654 2618 e
681 2558 780 2619 Danae
809 2568 942 2639 sumptas
970 2576 1047 2636 quas
1076 2559 1189 2621 scilicet

111 2642 332 2720 Bellerophonti
361 2642 473 2704 tribuit.
520 2642 678 2721 Vergilium
707 2643 847 2704 lectitarit
872 2642 1027 2704 Horatium
1052 2643 1188 2705 Ovidium

111 2727 316 2807 philosophos.
349 2726 436 2788 facile
457 2737 554 2789 autem
570 2728 627 2812 ¹qui
644 2746 705 2789 non
722 2728 860 2789 Alcaeum
876 2730 927 2789 sed
943 2727 1102 2790 Horatium
1118 2729 1188 2808 legit

112 2831 147 2873 eo
171 2812 270 2872 induci
294 2820 419 2891 poterat,
443 2820 475 2873 ut
496 2830 599 2874 versus
620 2812 749 2874 aeolicos
770 2809 854 2875 κατὰ
876 2817 989 2891 στίχον
1004 2815 1189 2894 compositos

113 2915 173 2957 non
195 2895 322 2957 multum
344 2896 463 2957 differre
484 2898 662 2959 existimaret
677 2917 692 2957 a
707 2898 839 2977 strophis
855 2917 930 2977 quae
944 2899 1103 2977 quaternis
1116 2897 1189 2961 eolis

105 2980 283 3060 aequalibus
314 2988 499 3056 constarent3
527 2983 700 3061 pmesertim
730 3001 797 3044 eum
826 2982 967 3044 Horatius
997 2984 1188 3063 stropharum

112 3066 256 3128 terminos
272 3065 355 3126 nullo
371 3065 480 3127 indioio
495 3067 671 3129 denotasset.
702 3085 761 3145 quo
776 3086 849 3129 sane
863 3086 919 3129 nee
932 3068 1074 3146 sapphici
1086 3084 1188 3130 reram

113 3161 292 3212 excusantur
314 3169 375 3210 uno
398 3158 503 3212 tenore
526 3152 717 3213 decurrentes
740 3170 795 3212 nee
817 3153 905 3231 epodi
930 3154 1140 3215 inconstanter
1159 3162 1188 3214 et

113 3238 147 3297 ad
170 3232 323 3298 arbitrium
339 3234 427 3315 positi
444 3255 500 3299 uec
515 3246 606 3298 metra
628 3237 792 3316 systematis
815 3236 981 3299 necessario
1004 3237 1188 3303 concuteuda

111 3322 245 3383 versibus
268 3320 394 3401 singulis
416 3331 533 3400 praeter
554 3331 646 3383 artem
668 3320 804 3383 adstricto
828 3341 885 3383 nec
899 3321 977 3383 varia
993 3339 1188 3387 numerorum

114 3423 221 3482 genera
244 3425 305 3467 uno
321 3406 486 3484 eodemque
507 3406 637 3466 carmine
659 3407 872 3487 comprehensa
888 3425 944 3468 nee
958 3407 1092 3487 denique
1103 3406 1188 3487 polyc

113 3499 275 3551 metrorum
292 3491 455 3552 carminum
470 3489 593 3570 puerilis
611 3491 736 3551 iactatio.
775 3510 849 3570 quae
871 3510 930 3552 non
956 3508 992 3553 ex
1005 3490 1188 3553 Graecumm

113 3573 275 3635 imitatione
297 3582 363 3636 nata
386 3594 451 3637 esse
473 3575 524 3636 setl
547 3594 582 3636 ex
598 3576 855 3656 grammaticorum
872 3577 1061 3639 institutione
1074 3582 1188 3641 certum

114 3650 200 3718 nobis
214 3669 260 3719 est
275 3667 304 3719 et
318 3658 515 3738 exploratum:
532 3679 592 3739 quo
602 3661 672 3722 satis
683 3660 847 3739 explicatur
857 3680 907 3723 res
918 3661 1054 3725 omnium
1064 3662 1190 3727 maxim

113 3743 245 3821 mirifica,
269 3743 348 3821 quod
370 3745 482 3806 seilicet
503 3765 542 3807 ne
563 3747 639 3806 hanc
660 3746 779 3824 quidem
801 3747 1016 3808 versiculorum
1030 3746 1189 3809 fluentium

114 3828 178 3889 siue
193 3827 312 3888 vinculo
328 3844 362 3888 ao
377 3828 566 3892 dilabentium
583 3831 751 3910 congeriem
763 3833 950 3912 stropharum
966 3830 1033 3911 lege
1047 3828 1192 3894 coercuit.
