2580 4366
526 222 555 264 1..
577 221 682 265 annam
704 223 831 267 saductus

462 371 698 434 TALTHYBlVS

231 489 255 552 Ο
278 490 366 570 longa
388 490 496 552 Danais
518 509 635 570 semper
657 491 688 551 in
711 501 800 570 portu
823 509 914 567 mora,

144 594 196 639 seu
220 586 321 655 petere
343 575 464 652 bellum,
486 584 590 654 petere
611 593 664 636 seu
687 575 810 654 patriam
832 576 944 657 volunt.
1173 588 1217 640 165

143 679 227 723 onon.
272 659 353 732 Quae
376 679 462 722 causa
484 659 598 722 ratibus
619 659 706 721 faciat
728 669 757 721 et
778 659 885 722 Danais
907 680 1029 739 moram,

143 746 242 822 ellare,
265 745 389 806 reduces
411 745 479 824 quis
501 745 574 806 deus
597 744 713 807 claudat
736 745 807 806 vias.

142 849 207 893 ran.
251 830 339 892 Pavet
360 829 487 906 animus,
511 839 592 890 artus
613 829 753 891 horridus
775 839 893 909 quassat
913 841 1033 894 tremor.

142 915 252 977 maiora
273 915 350 976 veris
372 922 504 976 monstra
527 915 573 975 vix
595 915 717 995 capiunt
737 915 824 976 fidem
846 950 889 961 -

142 999 200 1061 vidi
222 1000 296 1080 ipse,
319 1000 386 1061 vidi.
431 1018 544 1061 summa
567 999 624 1061 iam
646 999 733 1061 Titan
756 1001 823 1080 iuga

143 1084 306 1164 stringebat
329 1095 405 1161 ortu,
427 1085 536 1146 vicerat
558 1088 676 1146 noctem
699 1085 771 1160 dies,

144 1188 211 1232 cum
235 1168 333 1230 subito
357 1188 444 1231 caeco
467 1179 544 1230 terra
566 1169 682 1248 mugitu
704 1169 834 1231 lremens

143 1272 289 1317 concussa
311 1263 390 1315 totos
413 1254 500 1314 traxit
522 1253 639 1315 eximo
665 1253 764 1329 sinus;

142 1358 261 1400 movere
282 1338 370 1400 silvae
392 1339 488 1418 capita
510 1349 538 1400 et
561 1338 709 1400 excelsum
731 1358 836 1400 nemus

142 1426 261 1503 fragore
282 1432 361 1485 vasto
383 1423 481 1485 tonuit
503 1435 532 1484 et
553 1423 639 1485 lucus
664 1442 763 1498 sacer;

142 1508 227 1571 ldaea
249 1509 346 1588 ruptis
369 1526 436 1569 saxa
459 1508 632 1570 ceciderunt
653 1508 740 1588 iugis.

142 1612 199 1656 nec
221 1604 299 1655 terra
322 1592 418 1653 solum
439 1593 575 1655 tremuit:
606 1604 635 1655 et
656 1603 768 1673 pontus
791 1612 879 1654 suum

143 1678 247 1740 adesse
269 1677 403 1740 Achillen
426 1678 520 1739 sensit
541 1679 698 1739 acstravit
719 1678 800 1738 vada.

142 1773 207 1826 tum
229 1762 320 1824 scissa
342 1762 423 1824 vallis
445 1763 539 1842 aperit
563 1764 723 1824 immensos
745 1781 853 1842 specus

144 1859 174 1911 et
195 1847 293 1909 hiatus
315 1847 404 1909 Erebi
426 1848 560 1927 pervium
582 1847 618 1908 ad
641 1866 766 1926 superos
789 1848 845 1908 iter

143 1933 250 1995 tellure
272 1933 362 1993 fracta
384 1932 507 2012 praebet
528 1951 562 1994 ac
584 1932 730 1993 tumulum
753 1932 837 1994 levat.

144 2012 265 2079 emicuit
286 2017 393 2096 ingens
416 2017 520 2078 umbra
542 2016 703 2078 Thessalici
725 2017 819 2093 ducis,

143 2103 278 2164 Threicia
302 2101 396 2181 qualis
418 2121 498 2163 arma
519 2101 682 2182 proludens
706 2102 767 2164 tuis

143 2187 211 2264 iam,
234 2186 332 2262 Troia,
355 2187 423 2248 latis
445 2188 546 2248 stravit
567 2195 618 2248 aut
638 2186 821 2267 Neptunium

144 2290 217 2334 cana
240 2272 384 2334 nitentem
406 2271 534 2352 perculit
555 2271 691 2333 iuvenem
717 2290 810 2346 coma,

144 2366 195 2419 aut
216 2374 284 2417 cum
307 2356 386 2417 inter
406 2356 484 2417 acies
506 2356 598 2418 Marte
620 2355 748 2417 violento
771 2357 875 2417 furens

144 2440 321 2520 corporibus
344 2459 445 2502 amnes
467 2440 556 2503 clusit
578 2453 607 2504 et
629 2460 774 2521 quaerens
796 2441 852 2503 iter

143 2526 245 2587 tardus
269 2533 393 2587 cruento
415 2525 550 2587 Xanthus
574 2525 680 2587 erravit
701 2525 783 2602 vado,

143 2620 194 2672 aut
215 2629 282 2671 cum
305 2610 434 2690 superbo
457 2612 551 2672 victor
572 2611 604 2672 in
627 2629 717 2672 curru
740 2611 821 2671 stetit

143 2695 263 2775 egitque
285 2695 415 2757 habenas
436 2695 595 2757 Rectorem
618 2705 647 2757 et
668 2695 786 2756 Troiam
807 2695 936 2759 trahens.

143 2779 275 2860 implevit
296 2798 385 2841 omne
407 2780 477 2841 litus
498 2780 565 2842 irati
587 2798 695 2842 sonus:

143 2866 204 2937 ite,
227 2865 267 2926 ite
288 2865 410 2938 inertes,
432 2865 568 2926 manibus
590 2866 664 2927 meis
686 2865 800 2926 debitos

143 2950 256 3013 auferte
278 2950 418 3024 honores,
442 2949 544 3011 solvite
566 2949 695 3029 ingratas
717 2959 795 3011 rates

143 3053 198 3115 per
220 3044 320 3096 nostra
342 3034 414 3096 ituri
435 3035 526 3096 maria
547 3069 589 3079 -
612 3053 674 3095 non
697 3052 786 3112 parvo
811 3033 867 3095 luit

43 3188 46 3192 A
143 3120 202 3181 iras
224 3119 346 3181 Achillis
369 3119 489 3181 Graecia
512 3131 541 3181 et
563 3138 670 3198 magno
692 3119 763 3180 luet.

144 3205 289 3285 desponsa
312 3205 422 3265 nostris
444 3205 595 3266 cineribus
616 3203 764 3283 Polyxene
1173 3213 1217 3264 191

142 3288 249 3369 Pyrrhi
271 3308 361 3351 manu
384 3297 527 3350 mactetur
549 3297 578 3351 et
599 3288 745 3350 tumulum
771 3287 866 3367 riget?

229 3488 343 3524 scamna
354 3475 531 3537 inscriptum:
541 3471 692 3541 Talthybius
704 3471 800 3524 Chorus
855 3473 903 3523 164
913 3486 989 3538 quam
1001 3471 1079 3538 longa
1089 3470 1114 3520 A
1169 3474 1215 3525 161

143 3538 221 3591 ellare
238 3539 317 3592 edoce
335 3539 391 3606 quis
409 3539 434 3590 Ε
488 3543 535 3592 119
553 3540 582 3593 G.
600 3545 737 3605 (numerus
751 3538 881 3592 Gronova'i
894 3541 1089 3601 morabatur)
1107 3546 1179 3592 ortus
1191 3539 1217 3590 A

147 3609 194 3660 112
213 3621 303 3660 caecos
321 3613 352 3659 tr.
371 3622 393 3659 e.
411 3607 427 3659 i.
446 3623 524 3660 sonos
540 3608 566 3658 A
641 3611 688 3661 116
712 3623 759 3659 nec
777 3606 831 3660 sola
849 3606 927 3660 tellus
944 3607 1048 3660 tremuit
1065 3607 1090 3657 A
1168 3608 1216 3660 118

143 3680 205 3726 tuuc
223 3675 303 3727 scissa
321 3674 397 3726 tellus
415 3677 440 3726 A
511 3678 558 3728 182
577 3675 730 3743 praeludens
748 3677 773 3726 A
844 3678 892 3728 184
910 3690 986 3728 cana:
1010 3690 1039 3728 ca
1056 3673 1074 3727 2
1090 3690 1124 3726 m.
1143 3691 1215 3728 corr.

144 3758 179 3792 aaa
196 3757 226 3793 ce
242 3742 268 3793 Ε
339 3745 384 3795 181
404 3751 509 3795 cruento
526 3745 648 3796 xanthus:
668 3759 683 3795 o
700 3743 760 3796 2m.
779 3759 813 3794 σω
829 3758 856 3807 u,
872 3759 890 3794 x
907 3746 926 3796 i.
936 3761 989 3796 ror.
999 3744 1093 3809 (fairra
1109 3736 1218 3795 videtur

141 3815 263 3862 cruentus
284 3809 387 3876 anthus)
405 3810 430 3861 E
519 3814 564 3864 191
589 3813 624 3864 ite
645 3813 724 3862 semel
741 3811 773 3863 Ε.
790 3838 825 3850 -
848 3810 948 3864 debitos
970 3812 1088 3864 manibus
1111 3810 1217 3865 meisA

142 3876 345 4008 15113ἒὲ111ὲὲ211
416 3881 463 3931 193
487 3879 540 3931 luet
557 3882 582 3931 A
655 3882 701 3933 194
724 3885 751 3930 at
768 3893 861 3945 magno
879 3881 904 3930 A
976 3882 1023 3934 195
1041 3879 1175 3948 Polyxena
1191 3878 1217 3931 h

141 3961 176 3999 c·
247 3983 253 3996 ι
