2602 4380
192 203 252 265 116
526 217 564 258 nu
586 215 713 259 cnuuicts
733 214 919 258 senmurum.

190 376 231 452 (p.
255 373 295 433 53
319 372 391 448 sq.);
415 367 467 445 qni
489 366 567 445 quod
589 367 626 427 de
649 369 796 427 Actaeone
823 366 1021 427 narrationem
1039 360 1199 443 ‘frigidam
1220 376 1262 429 at-

190 476 249 535 que
271 447 389 515 aridam’
413 470 477 512 esse
500 451 570 511 dicit
592 451 621 511 id
643 469 705 511 non
728 452 852 512 emimus
874 451 994 512 maioris
1017 468 1105 530 quam
1123 451 1169 512 iffi
1193 468 1263 514 con·

191 540 265 602 stitit
271 558 279 614 ;
298 547 326 599 et
341 538 419 618 apud
435 536 532 616 ipsum
548 555 669 615 qnoque
683 536 751 614 plus
766 536 911 598 valuerint
924 536 997 597 aliae
1012 554 1086 615 quas
1104 555 1121 597 a
1136 536 1263 615 Peipcro

190 625 222 686 in
244 644 276 684 se
298 622 429 701 suscepit
451 622 590 682 rationes.
617 638 761 700 ,quarum
783 621 918 696 alteram,
948 621 1123 683 inconexam
1152 622 1265 683 scilicet

192 710 364 779 orationem,
387 724 455 767 mox
478 714 648 780 tangemus3
672 706 706 766 de
722 706 812 767 altera
828 713 857 766 et
873 706 1031 785 Peipcrum
1046 716 1076 767 et
1090 705 1265 768 Richternm

193 805 222 855 et
242 791 465 854 Habruckerum
478 808 576 850 errare
592 789 748 851 credimus.
779 791 883 852 dicunt
900 792 980 852 enim
999 790 1149 853 canticum
1165 798 1266 871 aperte

191 878 270 939 finiri
292 876 426 938 versibus
449 876 595 938 748-50

394 960 445 1021 fruc
467 965 616 1021 transterit
638 958 718 1020 cfot'fe
739 961 830 1038 eeefos,

395 1044 462 1105 doec
483 1042 638 1106 Herculeae
660 1050 758 1106 norint
785 1042 890 1106 Tftedce

393 1128 505 1209 proelia
526 1130 666 1207 fratrom.

194 1214 303 1294 quibus
324 1231 395 1274 sene
417 1213 577 1293 respicitur
598 1213 634 1275 ad
657 1231 760 1290 regum
790 1213 1025 1285 altercationem
1055 1232 1090 1274 ea
1110 1232 1184 1275 vero
1207 1232 1267 1277 non

193 1299 329 1380 praebuit
358 1297 448 1358 choro
478 1297 603 1358 canendi
631 1297 799 1371 materiam,
832 1298 885 1358 sed
914 1298 1125 1378 perstringitur
1152 1306 1267 1361 tenuem

194 1384 350 1445 occasione
379 1383 458 1445 data:
495 1390 703 1461 argumentum
733 1382 872 1443 carminis
900 1382 931 1443 in
959 1401 995 1443 eo
1023 1393 1161 1445 versatur
1188 1383 1267 1463 quod

194 1487 255 1529 non
280 1467 385 1547 Oedipi
415 1467 642 1546 culpa'fhebae
673 1468 837 1545 domusque
866 1467 1099 1530 Labdacidarum
1125 1478 1267 1531 vexentur

195 1553 246 1614 sed
267 1561 366 1613 vetere
387 1552 511 1612 deorum
533 1553 593 1626 ira,
623 1551 653 1611 id
682 1552 761 1630 quod
784 1551 981 1613 demonstrari
1004 1571 1066 1614 non
1089 1561 1192 1633 potest
1212 1552 1266 1616 nui

195 1636 264 1698 inde
286 1636 321 1697 ab
344 1635 435 1696 initiis
459 1634 558 1696 Cadmi
581 1636 769 1697 inruentibus
791 1636 823 1697 in
846 1637 966 1697 domum
989 1637 1054 1700 eius
1078 1638 1264 1712 infortuniis;

195 1731 263 1801 apte
284 1721 375 1800 igitur
396 1721 453 1782 hoc
479 1721 610 1782 carmine
632 1721 762 1782 Semeles
786 1723 857 1782 inus
880 1723 1036 1783 Actaeonis
1057 1723 1187 1785 Penthei
1212 1724 1264 1785 fsto

195 1813 333 1886 poterant
355 1805 495 1868 enarrari.
526 1806 607 1884 atqui
630 1805 776 1884 dispicere
800 1825 959 1886 possumus
978 1826 1053 1887 quac
1069 1827 1161 1871 causa
1181 1807 1263 1869 fucrit

197 1910 251 1951 cur
273 1892 429 1951 Actaeonis
459 1891 647 1970 potissimum
673 1891 961 1952 transformationem
983 1892 1117 1972 elegerit
1163 1911 1262 1972 nempe

196 1976 276 2055 qnod
304 1975 334 2035 in
365 1975 465 2054 priore
493 1975 632 2037 carminis
661 1986 746 2054 parte
769 1975 904 2036 Ovidium
926 1994 1014 2038 suum
1038 1997 1101 2039 nou
1125 1976 1259 2039 imitatum

196 2069 310 2121 tantum
340 2069 456 2138 poetam
485 2079 549 2120 csse
579 2060 630 2120 sed
658 2061 839 2140 expressisse
868 2061 1046 2141 interpretes
1068 2063 1207 2124 viderunt
1223 2094 1259 2107 -

197 2144 276 2205 unde
307 2162 367 2203 non
396 2143 496 2205 minus
526 2163 613 2222 quam
642 2145 743 2206 metris
769 2145 896 2206 insolitis
919 2155 948 2207 et
969 2145 1141 2209 difficilibus
1162 2149 1257 2209 factum
1299 2213 1301 2230 A

197 2247 262 2289 esse
286 2227 468 2288 coniecimus
493 2237 524 2289 ut
544 2229 645 2289 minus
667 2229 816 2309 elegantes
838 2230 994 2292 evaderent
1014 2241 1183 2295 structurae
1198 2248 1256 2292 sen·

198 2313 356 2373 tentiarum
372 2344 411 2356 —
428 2312 505 2373 idem
527 2315 619 2374 multo
643 2315 729 2375 etiam
752 2316 884 2394 apertius
906 2316 937 2377 in
953 2317 996 2377 eis
1009 2317 1147 2378 uersibus
1161 2319 1255 2378 factum

199 2406 243 2458 est
264 2415 340 2474 quos
363 2397 399 2456 de
422 2399 569 2460 Actaeone
592 2399 775 2478 composuit:

241 2500 266 2541 v.
288 2483 349 2545 752
372 2500 435 2542 cum
457 2486 564 2543 omacio
586 2501 694 2545 cornua
716 2489 792 2546 cerei

371 2568 499 2645 frontem
519 2572 610 2629 remis
633 2580 727 2630 terrere
747 2573 829 2631 uocis

306 2650 358 2713 Ov.
370 2659 439 2711 met.
452 2650 503 2727 111,
519 2654 577 2715 194
593 2655 643 2715 dot
663 2673 760 2734 spureo
783 2657 871 2733 copiti
890 2658 997 2716 oioeot's
1019 2672 1130 2716 cornua
1154 2655 1223 2716 oemt'

305 2736 355 2811 (of.
375 2735 451 2796 med.
468 2737 523 2797 fac.
540 2738 580 2799 59
596 2749 622 2799 et
637 2757 708 2817 quoe
717 2743 818 2818 primo
833 2739 931 2801 cedent
942 2743 1036 2801 ofoart'
1046 2758 1158 2803 comus
1168 2735 1254 2810 mot)-

241 2839 267 2879 ν.
292 2822 353 2883 760
376 2822 462 2882 donec
479 2821 588 2900 placidi
607 2824 697 2901 foetes
719 2829 750 2884 e'o
771 2825 857 2885 undis

377 2923 486 2966 cernuo
508 2908 580 2969 cidit
601 2908 750 2988 cultusque
770 2909 850 2986 feros

308 2988 360 3049 Os.
376 2999 446 3050 met.
462 2989 513 3067 lll,
529 2993 590 3054 200
612 3003 646 3053 ut
666 3011 733 3054 cero
755 2993 853 3055 veltro
875 3003 901 3053 et
919 3010 1028 3054 corneo
1042 2995 1118 3056 sidu
1132 2999 1165 3056 itt
1176 2991 1255 3054 ondit

200 3079 351 3153 praeterea
373 3074 692 3154 ef.757-111,198;
718 3077 887 3150 tce-111,
909 3077 988 3151 22&
1013 3076 1255 3154 tet-111,1tt

200 3159 252 3220 sed
281 3177 342 3219 nou
371 3178 508 3221 sermone
536 3171 695 3224 contentus
723 3163 810 3224 etiam
833 3162 966 3223 ordinem
989 3180 1091 3225 rerum
1114 3160 1256 3244 expressiit

201 3243 341 3304 nimirum
366 3244 487 3305 Ovidius
515 3263 635 3324 quoque
664 3258 782 3308 narrato
805 3245 904 3308 Cadmi
932 3247 1059 3309 adventu
1088 3248 1133 3311 sic
1161 3245 1256 3329 perp't:

201 3329 334 3407 potuisse
363 3329 483 3406 quidem
506 3327 645 3391 Cadmum
674 3332 789 3392 felicem
819 3332 910 3393 videri
934 3331 1038 3408 exilio,
1068 3334 1122 3396 scd
1144 3333 1258 3396 utinm

201 3430 320 3491 semper
342 3413 419 3474 diem
441 3414 622 3492 hominis14)
646 3419 853 3495 expectandam
877 3436 957 3477 esse:

323 3499 381 3561 138
400 3502 500 3578 primo
522 3519 608 3580 nepos
629 3506 767 3564 intentet
788 3521 834 3564 res
856 3501 916 3572 tibi,
940 3500 1055 3577 Cadme,
1078 3504 1213 3567 eonon

407 3601 493 3644 ceusu
514 3585 575 3662 fuet
596 3585 688 3648 luctus

203 3681 279 3741 quae
312 3664 501 3744 excipiuntur
533 3671 688 3732 Actaeonis
721 3671 988 3733 transformatione.
1043 3672 1147 3752 itaque
1182 3681 1263 3737 fotum

290 3864 322 3928 ¹⁴)
346 3868 375 3916 nt
397 3867 480 3917 estin
498 3871 647 3922 commentis
665 3871 758 3923 Lucani
776 3871 818 3935 (cf.
836 3871 942 3924 Useneri
961 3871 1157 3929 adnotationem
1173 3890 1200 3943 p.
1216 3874 1267 3931 fii.

203 3932 259 3995 26);
282 3933 385 3984 ftomfm'
402 3934 477 3987 codd.
