2580 4366
109 187 172 251 210
495 207 522 248 ι.
545 206 651 249 annam
673 207 800 249 senecas

108 375 156 417 me
179 363 262 435 patre
284 356 416 435 dignum.
460 375 542 417 versa
566 366 667 417 natura
692 365 736 416 est
758 367 853 418 retro:

109 460 161 502 avo
184 448 347 520 parentem,
370 459 425 521 pro
450 442 540 517 nefas,
563 441 638 521 patri
662 442 767 518 virum,

110 527 186 588 natis
207 535 331 605 nepotes
353 527 458 588 miscui
480 561 522 571 -
545 527 624 587 nocti
648 527 734 586 diem.

195 610 252 672 Sed
276 629 340 672 sera
363 612 479 672 tandem
503 611 624 691 respicit
647 612 740 672 fessos
764 611 846 672 malis

109 704 178 775 post
199 696 256 756 tata
279 697 395 757 demum
420 696 508 757 sortis
530 696 659 756 incertae
683 696 770 757 fides:

109 799 160 841 rex
183 780 232 841 ille
255 798 367 858 regum,
391 780 497 842 ductor
519 784 721 860 Agamemnon
745 782 865 857 dueum,

109 866 195 926 cuius
217 875 334 927 secutae
355 865 436 928 mille
458 866 594 927 vexilium
617 875 695 926 rates

109 950 195 1012 Iliaca
217 951 289 1012 velis
312 951 401 1012 maria
423 959 562 1012 texerunt
583 950 655 1023 suis,

110 1042 177 1115 post
199 1035 311 1097 decima
334 1036 446 1097 Phoebi
469 1037 560 1097 lustra
579 1036 696 1096 devicto
718 1035 772 1101 llio

108 1121 190 1181 adest
216 1153 250 1162 -
277 1122 399 1182 daturus
421 1121 541 1199 coniugi
564 1120 698 1198 iugulum
722 1138 801 1181 suae.

108 1206 165 1266 iam
189 1206 245 1266 iam
269 1207 379 1266 natabit
400 1206 544 1284 sanguine
567 1206 679 1267 alterno
702 1205 823 1266 domus:

109 1308 196 1352 enses
218 1308 337 1351 secures
359 1291 426 1364 tela,
448 1291 572 1352 divisum
595 1291 674 1368 gravi

108 1375 169 1436 ictu
191 1375 330 1454 bipennis
352 1376 466 1453 regium
489 1375 572 1454 video
596 1383 694 1454 capnt,

109 1461 166 1521 iam
188 1460 300 1520 scelera
322 1478 416 1540 prope
439 1470 519 1534 sunt,
541 1459 597 1520 inm
621 1461 706 1521 dotus
729 1460 832 1534 caedes
855 1478 945 1522 cruor
966 1495 1011 1506 -

107 1554 251 1625 parantur
273 1545 387 1625 epulae.
432 1564 517 1607 causa
541 1544 645 1620 natalis
667 1546 720 1617 tui,

107 1631 255 1710 Aegistho
279 1631 368 1691 venit.
414 1631 484 1709 quid
507 1631 604 1709 pudor
625 1629 723 1690 vuitus
746 1625 868 1708 gravat?

108 1717 178 1794 quid
201 1716 300 1776 dextra
323 1715 412 1776 dubio
434 1717 547 1795 trepida
571 1715 695 1776 consilio
718 1713 814 1776 labat?

107 1801 179 1879 quid
201 1801 265 1880 ipse
287 1809 377 1862 temet
399 1801 531 1862 consutis
553 1810 674 1880 torques
697 1818 794 1879 rogae,
874 1849 877 1858 .

107 1903 145 1946 an
168 1885 269 1946 deceat
290 1886 347 1946 hoc
369 1883 420 1946 te?
459 1885 575 1965 respice
598 1886 633 1947 ad
655 1895 793 1946 matrem:
819 1884 911 1946 decet.

192 1971 250 2031 Sed
273 1990 328 2031 cur
349 1980 472 2051 repente
495 1970 590 2032 noctis
613 1970 737 2032 aestivae
758 1969 837 2031 vices

107 2054 228 2115 hiberna
251 2056 341 2134 longa
363 2057 455 2135 spatia
479 2055 648 2134 producunt
670 2074 760 2127 mora,
867 2122 869 2126 ⁸

106 2148 158 2200 aut
179 2140 249 2218 qnid
273 2142 410 2201 cadentes
433 2141 544 2201 detinet
566 2139 663 2201 stellas
685 2137 776 2220 polo?

106 2224 258 2286 Phoebum
282 2223 454 2287 moramur?
488 2225 577 2286 redde
599 2225 655 2286 iam
679 2225 790 2286 mundo
814 2224 899 2284 dienr.

413 2376 561 2438 cnonvs
599 2451 602 2460 ,

260 2477 284 2538 Ο
308 2495 467 2556 regnorum
491 2477 605 2554 magnis
626 2478 711 2538 fallax

191 2563 321 2624 Fortuna
343 2561 439 2636 bonis,
463 2561 493 2623 in
516 2562 670 2643 praecipiti

191 2646 342 2725 dubioque
355 2625 443 2708 iocos
466 2646 553 2706 nimis
575 2647 722 2721 excelsos3

191 2751 352 2810 numquam
373 2731 516 2812 placidam
540 2741 655 2812 sceptra
678 2733 807 2810 quietem

191 2826 339 2879 certumve
361 2817 406 2878 sni
429 2826 553 2878 tenuere
575 2817 666 2891 diem;

190 2903 245 2963 alia
268 2920 303 2962 ex
325 2903 388 2963 aliis
411 2920 481 2962 cura
503 2901 604 2980 fatigat

191 2997 333 3065 vexatque
356 2986 470 3048 animos
493 3006 567 3048 nova
590 2995 758 3067 tempestas.

190 3092 251 3134 non
275 3072 318 3133 sic
339 3071 456 3151 Libycis
479 3071 608 3150 syrtibus
630 3089 742 3150 aequor

189 3158 262 3220 furit
284 3157 413 3217 alternos
433 3156 549 3217 volvere
570 3157 689 3231 fluetus,
732 3197 734 3204 ·

190 3261 252 3305 non
275 3240 383 3303 Euxini
405 3250 504 3320 turget
525 3241 561 3302 ab
584 3241 651 3302 imis

190 3335 335 3390 commota
356 3326 436 3387 vadis
458 3326 536 3410 unda
560 3325 647 3387 nivali

189 3414 284 3474 vicina
306 3411 385 3490 polo,
499 3414 505 3429 '

190 3498 241 3559 ubi
264 3496 407 3558 caeruleis
430 3494 571 3556 immunis
593 3494 678 3574 aquis

190 3667 221 3716 35
240 3678 289 3714 avo
307 3666 466 3729 nepotem&
534 3664 566 3714 38
585 3659 738 3714 incestaeA
794 3660 827 3711 42
846 3665 905 3726 post
923 3656 987 3710 deno
1006 3659 1031 3710 A
1090 3664 1123 3715 45
1143 3676 1182 3714 se-

104 3746 177 3784 cures
194 3733 220 3783 A
300 3735 330 3783 51
351 3731 424 3782 timet
441 3729 466 3780 lt*
545 3731 577 3781 52
597 3743 628 3781 an
646 3726 795 3780 metremA
877 3727 909 3779 59
927 3723 1044 3778 excelsos
1064 3727 1183 3782 nimisE

105 3802 225 3850 corrodit
243 3799 273 3850 L.
292 3797 437 3849 Muellerus
455 3797 488 3848 de
504 3814 534 3848 ra
552 3797 627 3849 metr.
638 3813 665 3862 p.
680 3795 730 3847 169
766 3794 840 3846 nimis
859 3793 957 3846 excelsa
976 3794 1047 3847 loces
1066 3797 1137 3861 (loco
1155 3799 1183 3862 ς)

108 3869 134 3919 A
185 3870 217 3920 63
236 3872 313 3917 vexat
331 3864 462 3918 animoslt‘
513 3867 546 3918 66
563 3864 662 3916 euxini:
681 3878 713 3915 en
731 3866 749 3916 i.
767 3878 821 3913 rae.
839 3862 908 3916 2-3
917 3877 951 3914 m.
970 3865 1032 3927 (non
1044 3864 1084 3917 sic
1098 3864 1184 3918 euxini

104 3936 137 3988 M
150 3951 201 3988 non
220 3934 305 4003 eyxini
322 3933 358 3998 Ν)
429 3935 462 3986 68
479 3933 561 3986 vicina
579 3948 617 3997 sq.
637 3933 744 3983 dimetri
762 3930 837 3986 codd.
