2580 4366
163 194 202 257 76
543 214 571 256 n.
594 214 699 256 annam
720 212 848 257 snuacan

160 381 244 423 avua.
288 363 343 423 Est
364 381 423 423 una
445 381 551 442 magna
573 363 664 424 turris
687 382 703 424 e
724 363 812 424 Troia
835 381 936 444 super,

161 448 280 509 adsueta
302 447 429 521 Priamo,
453 447 539 508 cuius
562 467 578 509 e
600 448 716 526 lastigie

160 533 342 612 summisque
365 531 465 612 pinnis
488 532 596 593 arbiter
618 532 687 594 belli
709 533 815 594 sedens

160 617 281 695 regebat
302 617 389 678 acies.
433 625 517 678 turre
538 618 570 678 in
592 617 647 677 bao
668 616 777 678 blando
799 618 868 679 sinu

160 702 263 762 iovens
286 711 435 782 nepotem,
459 720 527 762 cum
549 710 628 762 metu
651 720 752 763 versos
774 703 853 781 gravi

161 785 277 847 Danaos
300 787 414 865 fugaret
436 786 545 847 Hector
567 795 595 848 et
618 786 696 846 ferro
720 794 748 847 et
770 788 842 861 lace,

142 878 283 950 ,paterna
306 890 400 951 puero
422 871 498 931 bella
520 870 701 931 monstrabat
725 890 824 932 senex.

161 954 234 1016 haec
256 964 325 1017 nota
348 956 496 1035 quondam
520 955 610 1016 turris
633 963 661 1016 et
684 956 761 1016 muri
783 957 882 1030 decus,

163 1058 244 1102 nnnc
266 1042 326 1101 sola
350 1050 459 1116 cautes,
483 1040 615 1119 undique
636 1041 736 1101 adfusa
759 1041 868 1102 ducum

161 1124 316 1203 plebisque
338 1126 424 1187 turba
446 1124 590 1203 cingitur3
619 1132 712 1186 totum
737 1126 795 1187 coit

161 1209 273 1270 ratibus
295 1210 406 1271 relictis
428 1210 543 1288 vulgus.
589 1209 634 1270 bis
657 1209 739 1270 collis
761 1211 867 1291 procul

162 1295 254 1354 aciem
277 1295 388 1373 patenti
410 1293 532 1354 liberam
554 1295 676 1374 praebet
697 1295 774 1370 loco,

161 1378 208 1440 bis
230 1378 286 1438 alta
308 1397 409 1459 ropeS,
432 1379 516 1439 cuius
539 1379 570 1439 in
593 1379 746 1440 cacumine

163 1471 259 1525 crecta
281 1482 413 1524 summos
434 1464 520 1523 turba
542 1463 658 1524 libravit
679 1465 778 1542 pedes.

162 1548 243 1608 hunc
266 1548 366 1627 pinus,
389 1549 470 1608 illum
495 1548 606 1623 laurus,
628 1549 710 1608 hunc
732 1549 815 1626 fagus
837 1549 914 1628 gerit

163 1631 191 1693 et
213 1641 273 1694 tota
296 1633 409 1713 populo
432 1633 502 1693 silva
524 1651 671 1712 suspenso
695 1633 802 1694 tremit.

163 1726 291 1778 extrema
313 1718 423 1778 montis
444 1717 494 1777 ille
516 1718 669 1797 praerupti
691 1719 774 1797 petit,

162 1811 290 1863 semusta
312 1810 341 1863 at
363 1801 410 1863 ille
432 1809 509 1863 tecta
530 1803 575 1863 vel
597 1820 700 1862 saxum
722 1802 880 1864 imminens

162 1888 240 1948 muri
264 1887 395 1949 cadentis
417 1886 534 1966 pressit,
557 1895 645 1965 atque
667 1887 773 1965 aliquis
802 1887 909 1961 (nefas)

162 1972 277 2033 tumulo
300 1972 381 2033 larus
403 1978 552 2051 spectator
573 1971 718 2033 Hectoreo
745 1973 835 2034 sedet.

162 2075 217 2136 per
238 2057 331 2137 spatia
352 2057 409 2116 late
431 2055 517 2136 plena
540 2055 659 2117 sublimi
682 2057 773 2135 gradu

162 2142 274 2203 incedit
295 2140 412 2201 Ithacus
435 2140 586 2220 parvulum
612 2141 711 2202 dextra
733 2143 854 2203 trahens

163 2225 271 2286 Priami
294 2233 442 2304 nepotem,
466 2243 521 2285 neo
545 2225 636 2302 gradu
659 2225 743 2304 segni
766 2244 843 2305 puer

163 2310 199 2371 ad
223 2311 277 2370 alta
300 2310 398 2389 pergit
419 2309 544 2369 moenia.
590 2317 623 2370 ut
645 2328 757 2370 summa
781 2310 861 2372 stetit

163 2413 217 2474 pro
240 2403 332 2467 turre,
354 2394 451 2454 vultus
474 2394 533 2453 huc
555 2402 584 2454 et
604 2394 664 2456 buc
685 2413 768 2456 acres
792 2395 860 2456 tulit

163 2479 329 2558 intrepidus
351 2479 459 2539 animo.
511 2478 606 2558 qualis
628 2479 757 2558 ingentis
779 2481 858 2540 ferae

163 2582 271 2644 parvus
293 2571 437 2641 tenerque
460 2563 536 2623 fetus
559 2572 588 2625 et
610 2564 743 2624 nondum
766 2572 874 2642 potens

163 2648 274 2710 saevire
297 2648 384 2709 dente
406 2648 462 2708 iam
484 2656 581 2709 tamen
604 2649 681 2709 tollit
702 2648 796 2709 minas

163 2751 341 2812 morsusque
363 2733 468 2793 inanes
489 2740 612 2812 temptat
635 2742 722 2812 atque
745 2733 850 2794 animis
872 2739 979 2794 tumet:

164 2819 207 2879 sic
228 2817 277 2878 ille
301 2816 399 2878 dextra
424 2836 551 2896 prensus
573 2817 673 2878 hostili
696 2836 771 2897 puer

163 2904 247 2964 lerox
267 2901 286 2966 i
303 2901 440 2983 superba.
485 2910 615 2962 moverat
635 2903 755 2980 vulgum
777 2921 811 2963 ac
833 2902 923 2963 duces

163 2988 322 3069 ipsumque
343 2987 456 3048 Vlixen.
501 3005 562 3047 non
585 2986 635 3048 llet
657 3006 673 3048 e
696 2986 780 3047 turba
803 2987 936 3048 omnium

164 3072 216 3152 qui
238 3073 342 3145 fletur,
366 3090 410 3147 ac,
433 3072 503 3132 dnm
524 3070 612 3132 verba
635 3071 744 3133 fatidici
767 3081 795 3132 et
818 3089 921 3152 preces

165 3157 296 3236 concipit
316 3154 415 3216 Vlixes
435 3156 508 3216 vatis
531 3163 560 3216 et
581 3174 683 3218 saevos
706 3157 763 3217 ciet

164 3242 199 3304 ad
222 3260 305 3302 sacra
327 3258 462 3321 superos,
486 3248 593 3319 sponte
616 3240 734 3302 desiluit
756 3259 809 3301 sua

164 3326 195 3388 in
218 3325 313 3387 media
335 3323 442 3385 Priami
464 3343 565 3403 regna.
587 3359 631 3369 -

164 3429 249 3472 1111111.
295 3409 367 3481 Quis
391 3408 517 3471 Colchus
539 3408 607 3484 hoc,
630 3409 696 3490 quis
719 3409 796 3470 sedis
818 3409 948 3471 incertae
970 3407 1078 3487 Scytha

165 3495 327 3569 commisit,
355 3502 406 3555 aut
427 3513 503 3574 quae
525 3493 663 3574 Caspium
686 3503 809 3572 tangens
831 3512 910 3555 mare
1182 3503 1238 3554 1100

166 3597 239 3658 gens
262 3580 336 3640 iuris
357 3597 464 3658 expers
485 3576 578 3640 ansa?
608 3597 669 3639 non
696 3578 839 3640 busiridis

253 3716 317 3768 1068
335 3726 491 3779 aramagna
508 3725 601 3777 magna
619 3714 637 3762 1.
651 3711 675 3762 la
726 3713 789 3766 1016
801 3725 878 3763 saeva
892 3714 979 3764 cautes
992 3709 1068 3763 codd.
1079 3713 1238 3761 comat.—

165 3779 285 3845 eltusag
355 3781 420 3832 1080
438 3779 479 3832 hic
496 3779 529 3831 Ε.
546 3807 580 3817 -
598 3794 612 3830 e
630 3781 727 3832 cuod
792 3782 853 3832 1081
876 3778 1018 3831 summob'
1081 3779 1147 3831 1082
1165 3777 1238 3845 sagus

166 3848 230 3915 tegit
247 3849 271 3898 A
324 3849 390 3901 1086
408 3849 539 3914 pressat&
595 3849 657 3901 1093
675 3845 853 3915 intrepidosE
908 3849 972 3900 1094
990 3859 1137 3913 parvusque
1154 3849 1238 3898 tener-

184 3931 216 3967 ae
233 3916 249 3966 i.
268 3915 313 3968 sed
332 3915 356 3966 11
419 3916 483 3968 tuas
502 3913 626 3980 superbus
644 3915 678 3970 Ι).
696 3915 829 3966 Heinsius.
848 3917 965 3966 conieci.-
987 3913 1109 3980 superbit.
1174 3914 1237 3966 ttot

157 3931 312 4052 absortum
381 3984 447 4037 1104
465 3982 570 4036 chalcus
590 3981 620 4036 11.
638 3983 752 4035 —baec
771 3985 798 4046 ς.
816 3982 933 4035 -sedit
951 3981 975 4032 0
