2580 4366
117 210 177 276 176
498 231 526 272 c.
548 229 653 272 aunam
673 229 801 272 sennenn

114 380 220 443 intesta
243 380 323 460 genti
344 387 441 460 strage
463 388 520 441 tam
539 379 599 441 late
622 378 698 441 edita

115 465 189 527 mihi
212 466 306 546 parcit
328 463 402 527 unii
424 465 472 527 cui
494 482 681 527 reservamur
702 462 800 527 maloi

115 550 194 613 inter
214 550 316 612 ruinas
337 549 420 613 urbis
443 558 472 611 et
492 567 610 630 semper
631 549 715 611 novis

116 635 248 697 deflenda
271 634 398 696 lacrimis
420 635 525 696 lunera
547 634 706 715 aopopuli
729 643 840 696 struem

115 719 273 782 incolumis
294 727 357 782 asto
378 753 420 764 -
442 719 555 782 scilicet
576 719 688 781 Phoebi
710 736 790 781 reus.

116 822 237 885 sperare
258 815 376 886 poteras
399 803 560 866 sceleribus
582 802 671 865 tantis
692 803 754 865 dari

116 908 243 970 regnum
265 887 406 951 salubre?
435 889 560 951 fecimus
582 889 694 951 caelum
718 906 839 950 nocens.

202 973 268 1036 Non
291 993 361 1036 aura
384 975 480 1054 gelido
503 974 579 1036 lenis
601 974 700 1036 afflatu
719 973 799 1035 fovet

116 1057 221 1122 anhela
242 1060 367 1122 flammis
390 1059 488 1134 corda,
512 1077 573 1120 non
596 1057 722 1139 Zephyri
744 1058 821 1120 leves

116 1143 240 1224 spirant,
262 1144 314 1206 sed
335 1145 420 1224 ignes
441 1151 529 1223 auget
550 1143 680 1207 aestiferi
701 1142 783 1204 canis

37 1295 40 1300 ,
117 1228 214 1307 Titan,
236 1228 331 1290 leonis
353 1238 435 1308 terga
456 1228 592 1290 Nemeaei
614 1246 763 1309 premens.

121 1313 252 1375 deseruit
273 1332 375 1375 amnes
398 1332 485 1375 umor
506 1323 595 1394 atque
616 1313 724 1375 herbas
743 1312 828 1374 color
849 1353 870 1372 2

117 1407 240 1478 aretque
261 1399 358 1474 Dirce,
381 1399 479 1461 tenuis
498 1399 634 1462 Ismenos
656 1398 721 1459 lluit

115 1491 147 1545 et
167 1483 277 1562 tinguit
297 1483 380 1565 inopi
403 1483 482 1546 nuda
502 1484 550 1545 rix
564 1483 650 1546 unda
671 1482 753 1544 rada.

118 1568 245 1630 obscura
267 1569 348 1631 caelo
371 1568 480 1631 labitur
500 1568 613 1630 Phoebi
635 1585 730 1642 soror,

118 1652 270 1735 tristisque
292 1653 422 1735 muudus
444 1653 546 1716 nubilo
569 1652 658 1734 pallet
679 1653 735 1714 die.

119 1737 234 1801 nullum
257 1739 370 1800 serenis
393 1739 531 1801 noctibus
553 1739 636 1800 sidus
656 1738 754 1812 micat,

118 1823 171 1884 sed
193 1824 289 1903 gravis
311 1831 340 1886 et
361 1831 424 1885 ater
445 1824 565 1886 incubat
585 1823 673 1885 terris
694 1840 798 1904 vapor:

120 1907 230 1969 obtexit
252 1926 334 1970 arces
357 1909 492 1971 caelitum
514 1926 548 1971 ac
568 1925 699 1972 summas
722 1907 824 1969 domos

120 1992 237 2054 interna
259 1994 358 2056 iacies.
402 1994 528 2072 deneget
548 1994 678 2056 fructum
702 1992 790 2054 Ceres

119 2076 226 2153 adulta,
250 2086 279 2140 et
300 2078 365 2141 altis
388 2079 458 2140 tlara
481 2096 549 2141 cum
571 2078 798 2157 spicistrcmat‚

119 2171 222 2224 arente
244 2164 342 2224 culmo
364 2164 472 2225 sterilis
494 2164 639 2226 emoritur
660 2180 755 2242 seges.

121 2265 177 2308 nec
199 2246 257 2310 ulla
280 2266 349 2327 pars
371 2249 511 2311 immunis
534 2249 622 2310 exitio
643 2256 733 2323 vacat,

119 2331 171 2392 sed
195 2332 291 2393 omnis
313 2343 391 2394 aetas
412 2334 524 2413 pariter
545 2342 575 2396 et
595 2351 684 2394 sexus
706 2331 775 2404 ruit,

120 2415 303 2498 iuvenesque
324 2418 446 2480 senibus
467 2418 565 2498 iungit
586 2427 616 2481 et
638 2417 714 2479 natis
735 2423 834 2496 patres

119 2500 236 2562 funesta
258 2503 361 2581 pestis,
384 2522 442 2565 una
464 2504 512 2564 lax
534 2503 676 2566 thalamos
698 2511 809 2563 cremat
892 2529 896 2537 =

120 2584 251 2664 lletuque
272 2586 378 2649 acerbo
401 2589 505 2650 lunera
527 2596 556 2650 ct
577 2595 685 2668 questu
706 2593 818 2649 carent.

120 2668 195 2749 quin
217 2671 281 2751 ipsa
303 2672 377 2733 tanti
399 2673 534 2752 pervicax
554 2673 653 2736 clades
674 2671 743 2734 mali

120 2755 240 2816 siccavit
262 2756 374 2832 oculos,
399 2758 538 2838 quodque
559 2759 591 2820 in
614 2756 753 2820 extremis
773 2755 849 2817 solet

120 2839 237 2919 periere
259 2840 410 2903 lacrimae:
435 2850 532 2922 portat
552 2843 634 2905 bunc
655 2859 744 2920 aeger
764 2858 872 2921 parens

121 2943 293 3004 supremum
316 2926 352 2986 ad
374 2927 480 3005 ignem,
503 2935 596 2990 mater
616 2928 699 2990 hunc
719 2943 821 2988 amens
842 2924 920 3005 gerit

86 3008 88 3013 ’
121 3018 322 3091 properatque
345 3019 378 3072 ut
399 3012 488 3073 alium
510 3020 624 3092 repetet
644 3012 676 3073 in
698 3010 824 3074 eundem
847 3024 962 3089 rogum

122 3093 195 3175 quin
217 3095 300 3157 luctu
322 3095 353 3157 in
377 3096 441 3177 ipso
464 3096 562 3159 luctus
583 3097 717 3159 excritur
737 3113 832 3157 novus

121 3197 252 3260 suaeque
275 3180 353 3242 circa
370 3182 465 3243 'funus
487 3181 627 3262 exequiae
650 3181 767 3244 cadunt

122 3270 185 3325 tum
207 3264 328 3345 propria
350 3266 474 3328 flammis
495 3284 621 3347 corpora
643 3265 747 3328 alienis
769 3270 915 3339 cremant;

122 3348 262 3429 diripitur
283 3349 377 3429 ignis:
402 3351 501 3413 nullus
524 3360 569 3413 est
589 3350 706 3414 miseris
727 3350 834 3430 pudor.

123 3452 184 3496 non
208 3452 274 3496 ossa
296 3437 401 3497 tumuli
424 3446 524 3500 sancte
547 3437 665 3500 discreti
689 3443 808 3516 tegunt:

120 3588 324 3598 ———-

206 3689 323 3750 acesto]
342 3689 513 3755 ergoAinc.
532 3692 638 3756 ergotu
656 3687 740 3740 Phr.
758 3690 799 3752 ς’
829 3688 859 3740 37
879 3682 1031 3738 nececrall
1083 3685 1116 3737 39
1134 3683 1194 3751 igne
1289 3734 1290 3753 q

122 3753 200 3820 trigel
216 3754 242 3805 Ε
327 3754 500 3808 insitante,
523 3785 552 3796 -
579 3755 729 3809 nemeih'A
751 3757 860 3820 eom&
945 3755 978 3806 43
996 3748 1078 3820 inopi]
1096 3751 1153 3819 ipse
1170 3752 1195 3803 A
1288 3763 1290 3767 ’

121 3823 155 3873 lb
174 3820 254 3888 pellet
271 3838 338 3875 novo
356 3825 381 3875 A
399 3824 445 3889 (es.
462 3823 523 3890 219)
584 3827 617 3878 49
635 3823 757 3876 linctum:
776 3837 840 3885 rec
856 3822 866 3874 l
884 3822 945 3874 2m.
961 3819 987 3871 «Ε
1048 3823 1081 3874 bb
1098 3824 1196 3872 cremat

123 3889 200 3941 codd.
218 3894 341 3949 commit
358 3890 507 3944 Gronovius
560 3894 592 3946 52
609 3891 683 3944 Nullo
701 3895 764 3959 μς
816 3892 848 3943 53
867 3888 922 3955 sed]
942 3890 1005 3954 οἱς
1057 3891 1088 3940 5¹1
1107 3888 1195 3952 iste}

122 3960 152 4010 ct
170 3962 274 4026 regerat
289 3960 322 4011 A.
340 3986 375 4000 -
391 3959 476 4013 locum
494 3962 513 4025 ς
