2580 4366
96 198 138 262 86
478 215 506 255 n.
529 214 634 256 annam
656 213 783 256 senecas

95 385 246 446 umquam,
270 383 325 426 nec
347 365 402 428 ista
424 372 519 426 morte
542 372 700 425 contentus
721 365 775 439 fui,

95 471 153 514 nec
174 469 221 512 me
243 449 354 512 redemi
375 458 474 530 parte:
498 448 683 511 membratim
703 449 759 511 tibi

95 536 195 616 perire
217 534 295 596 volui
317 569 360 578 —
382 534 512 596 debitum
534 533 652 596 tandem
675 535 767 613 exige.

96 640 178 683 nuno
200 620 281 681 solvo
303 639 431 701 poenas,
454 630 526 681 tunc
550 619 601 680 tibi
624 619 745 681 inferias
767 619 843 681 dedi.

96 707 164 768 ades
187 716 274 785 atque
297 705 423 766 inertem
445 704 593 766 dexteram
616 704 763 766 introrsus
785 723 887 785 preme

95 791 249 870 magisque
271 808 386 869 merge:
416 790 516 851 timida
538 797 611 850 tunc
633 809 722 870 parvo
746 803 835 870 caput

96 875 195 938 libavit
216 875 325 937 haustu
347 874 454 954 vixque
477 876 631 955 cupientes
653 875 738 954 sequi

96 961 195 1022 eduxit
217 960 330 1022 oculos.
373 961 475 1022 haeret
497 960 583 1021 etiam
606 979 688 1021 nunc
709 960 782 1021 mihi

95 1047 145 1107 ille
168 1045 293 1120 animus,
315 1045 426 1120 haeret,
450 1064 517 1106 cnm
540 1054 725 1107 recusantem
748 1062 869 1108 manum

96 1149 232 1211 pressere
254 1130 361 1193 vuitus
406 1130 507 1192 audies
529 1148 641 1205 verum,
665 1128 814 1211 Oedipus:

95 1217 195 1277 minus
217 1215 319 1276 eruisti
341 1215 452 1276 lumina
474 1214 612 1276 audacter
634 1224 693 1288 tua,

96 1319 184 1380 quam
206 1299 385 1380 praestitisti.
432 1319 514 1361 nunc
535 1318 656 1361 manum
679 1298 801 1361 cerebro
821 1298 927 1360 indue:
1128 1309 1172 1360 rso

5 1394 10 1403 ’
95 1385 151 1447 bac
172 1393 256 1466 parte
277 1395 400 1446 mortem
424 1403 531 1464 perage
555 1403 612 1463 qua
635 1385 721 1464 coepi
743 1383 828 1445 mori.

96 1489 190 1532 ruric.
255 1470 362 1544 Pauca,
385 1488 402 1530 o
425 1489 533 1550 parens
554 1470 751 1547 magnanime,
772 1469 957 1531 miserandae
978 1486 1086 1549 precor

95 1563 129 1617 ut
150 1553 238 1616 verba
259 1567 344 1616 natae
366 1565 465 1616 mente
487 1555 598 1635 placata
620 1554 731 1616 audias.
782 1577 784 1581 ’
1101 1553 1104 1559 ’

96 1659 158 1701 non
180 1648 209 1701 tc
232 1648 264 1700 ut
287 1640 425 1701 reducam
447 1640 554 1701 veteris
576 1640 612 1700 ad
634 1641 762 1718 speciem
787 1639 891 1701 domus

93 1723 287 1804 habitumque
309 1725 394 1802 regni
416 1725 490 1785 tiore
512 1724 673 1804 pollentem
695 1724 797 1786 inclito
1127 1734 1171 1786 185

96 1820 166 1890 peto
188 1821 239 1872 aut
260 1819 294 1872 ut
315 1810 383 1886 iras,
406 1819 575 1889 temporum
597 1810 669 1870 baut
690 1809 753 1890 ipsa
777 1828 859 1871 mora

95 1897 212 1970 tractas,
235 1895 359 1956 remisso
382 1903 502 1974 pectore
525 1914 559 1955 ac
581 1894 695 1975 placido
719 1896 810 1956 ieras:

97 1987 126 2041 at
147 1980 204 2040 hoo
227 1979 347 2041 decebat
370 1979 486 2041 roboris
509 1980 583 2040 tanti
604 1980 709 2054 virum,

95 2083 157 2126 non
180 2083 245 2126 esse
267 2063 322 2126 sub
345 2063 446 2125 dolore
469 2083 525 2125 nec
546 2065 655 2125 victum
677 2063 761 2125 malis

95 2150 165 2211 dare
187 2158 284 2228 terga;
310 2168 369 2210 non
393 2159 447 2224 est,
469 2157 504 2210 ut
524 2156 621 2229 putas,
643 2150 745 2223 virtus,
767 2158 862 2230 pater,

94 2235 199 2296 timere
220 2233 317 2310 vitam,
340 2233 391 2294 sed
414 2234 498 2294 malis
519 2234 690 2313 ingentibus

97 2318 214 2380 obstare
236 2337 291 2380 nec
314 2337 346 2380 sc
366 2326 481 2379 vertere
503 2337 537 2380 ac
556 2329 637 2380 retro
660 2319 739 2380 dare.

96 2403 148 2483 qui
170 2405 228 2464 iata
250 2403 435 2483 proculcavit
456 2422 490 2464 ac
512 2405 586 2465 vitae
607 2404 686 2482 bona
772 2425 775 2429 ·

94 2487 220 2569 proiecit
242 2496 329 2567 atque
352 2487 477 2549 abscidit
499 2499 526 2550 et
549 2507 635 2550 casus
657 2506 728 2550 suos

95 2573 228 2633 oneravit
248 2573 321 2653 ipse,
346 2573 394 2634 oui
417 2573 472 2634 deo
495 2573 578 2633 nulio
602 2581 646 2635 est
667 2592 754 2653 opus,
782 2592 785 2598 ·

95 2676 186 2737 quare
209 2656 258 2718 ille
281 2666 405 2720 mortem
428 2658 528 2738 cupiat
550 2669 600 2720 aut
622 2677 713 2738 quare
735 2658 837 2738 petat?

95 2751 256 2822 utrumque
278 2743 371 2804 timidi
396 2751 454 2804 est:
478 2761 566 2804 nemo
589 2743 768 2823 contempsit
789 2745 865 2806 mori

95 2827 148 2906 qui
171 2828 349 2907 concupivit.
394 2827 481 2889 cuius
503 2830 575 2889 baut
596 2828 671 2890 ultra
694 2827 768 2889 mala

95 2912 175 2973 exire
197 2921 333 2992 possunt,
356 2913 386 2973 in
408 2913 475 2974 loco
497 2920 561 2974 tuto
584 2921 628 2976 est
650 2913 734 2975 situs.

96 2997 163 3076 quis
186 2998 243 3058 iam
266 2998 398 3072 deorum,
421 2998 495 3058 veile
516 2999 572 3074 tac,
598 2999 757 3078 quicquam
779 3005 877 3077 potest

94 3081 179 3143 malis
201 3082 260 3144 tuis
281 3080 421 3144 adicere?
443 3083 500 3144 iam
522 3103 579 3145 ncc
600 3092 633 3144 tu
655 3094 740 3163 potes

97 3167 155 3227 nisi
178 3167 244 3242 boc,
267 3179 300 3229 nt
322 3185 386 3229 esse
408 3176 436 3229 te
458 3177 546 3246 putes
568 3169 690 3247 dignum
717 3187 790 3230 nece
811 3201 854 3214 ·-

96 3270 157 3312 non
181 3271 212 3313 es
236 3270 294 3313 nec
316 3252 375 3313 ulla
397 3262 502 3332 pectus
524 3254 581 3315 boc
604 3254 689 3334 culpa
715 3254 820 3332 attigit,

181 3405 227 3454 tri
247 3401 318 3453 volui
337 3404 456 3468 perireA
526 3406 573 3458 113
590 3403 748 3456 dextramlt'
821 3402 1168 3469 incommodorum

96 3471 146 3521 itt
164 3469 252 3522 audias
270 3474 297 3534 ς.
309 3499 343 3508 -
355 3469 479 3537 Oedipum
499 3470 549 3522 ΕΑ
566 3471 662 3537 Oedipe
677 3476 696 3536 ς
714 3475 835 3522 corrosit
844 3469 877 3522 B.
890 3469 1053 3522 Schmidtius
1065 3470 1108 3534 (do
1120 3487 1168 3522 em,

95 3537 157 3588 Son.
176 3543 247 3603 trag.
264 3555 292 3604 p.
310 3537 355 3602 32)
435 3541 482 3591 180
506 3539 641 3606 perstitisti
658 3539 691 3592 E.
709 3567 741 3578 -
761 3540 848 3591 crebro
865 3539 893 3590 Ε
970 3539 1016 3597 181
1042 3538 1128 3606 coepit
1145 3541 1171 3589 A

96 3605 144 3657 182
169 3604 348 3670 miseranda&
410 3609 458 3660 184
482 3607 611 3675 specimen
628 3609 654 3658 A
715 3610 764 3661 185
780 3606 862 3659 incliti
879 3605 934 3658 ΕΑ
951 3611 1060 3672 coomg
1121 3609 1169 3661 186

94 3676 208 3737 tempore
226 3679 269 3725 aut
286 3674 343 3739 ipsa
361 3675 437 3726 codd.
456 3678 577 3726 correxit
593 3674 706 3727 Botbius
776 3678 825 3729 188
843 3679 869 3727 et
886 3675 935 3727 boo
954 3674 1030 3727 codd.
1050 3679 1171 3727 correxit

94 3737 236 3791 dietatem
324 3744 372 3795 195
394 3743 443 3810 ipsi
466 3758 514 3795 ceu
537 3741 613 3795 video
629 3746 655 3795 A
673 3744 886 3808 (interpolatoris
902 3748 1012 3794 monum
1029 3747 1170 3794 mtituere

95 3806 210 3859 Florem
229 3807 398 3861 Christianus
411 3818 447 3862 ,at
468 3811 591 3876 Scaliger
613 3811 753 3863 scsttmdo
777 3826 826 3863 ceu
849 3810 907 3876 deo)
999 3813 1047 3865 196
1071 3811 1128 3878 ipse
1147 3812 1169 3861 A

95 3876 145 3928 tot
163 3891 188 3929 u.
200 3880 224 3929 t.
241 3879 281 3930 est
297 3877 373 3930 velle.
404 3879 558 3945 contempsit
575 3881 643 3932 m.A
698 3881 745 3932 198
763 3879 805 3946 qui
825 3895 876 3932 non
894 3879 1053 3947 concupiscit
1065 3881 1091 3931 A
1106 3880 1169 3945 (non

87 3943 192 3997 dormit
204 3945 326 4014 Poggius
343 3948 373 3999 to
392 3946 635 4010 ood.taor.37,11
654 3953 681 3999 at
697 3950 727 3998 in
743 3947 845 3999 Aldina
863 3948 1014 4011 Acontius).
1030 3975 1065 3987 —
1083 3952 1127 4000 aut
1143 3946 1169 3999 11
