2602 4380
389 234 427 277 nn
448 234 672 278 unmnnsronvu
693 235 912 281 conrosrrmna.
1128 225 1183 288 107

235 387 299 449 340
320 402 404 464 φερε
423 403 476 464 pio
499 395 557 447 toto
579 385 651 446 bello
672 389 825 460 iuvencus·

318 473 346 530 si
365 474 496 549 coninnio
517 475 638 532 timuere
659 487 721 541 ono,

316 564 438 633 poscunt
460 555 556 615 timidi
572 553 684 633 proelio
705 559 782 616 cervi

319 648 345 699 et
365 641 478 717 mnnita
499 639 569 700 dunt
589 643 715 719 mncepti

319 726 402 802 sinna
422 723 550 801 fnrotis;
573 734 639 784 tnnc
660 727 787 802 cnonas

237 807 298 869 345
322 806 407 868 lndia
428 813 514 886 tiqres
536 807 647 882 decoln
667 807 773 880 borrei,

317 902 385 953 tnnc
406 892 557 971 vulnificos
578 897 656 953 ccnit
681 894 775 954 dentes

318 994 389 1055 apen
409 987 437 1038 et
458 987 514 1038 toto
537 988 577 1038 est
597 995 731 1056 manens
752 995 817 1050 ore;

320 1059 413 1122 Poeni
433 1065 567 1141 qnctinnt
588 1061 659 1122 colla
681 1061 781 1137 bones,

319 1163 383 1207 cnm
405 1151 494 1208 movit
514 1164 613 1216 onnon·
636 1156 703 1208 tnnc
723 1147 797 1208 silon
818 1150 904 1225 cernit

235 1230 298 1293 350
320 1248 508 1293 mnrnnnre
536 1248 656 1292 soevo.
700 1242 798 1293 annot
827 1236 955 1293 insoni

319 1314 400 1376 belno
417 1319 504 1395 ponti
524 1314 656 1395 lucaeque
678 1315 764 1377 loces.

108 1435 169 1495 quo
201 1414 327 1476 consilio
349 1415 507 1477 Richterus
539 1412 634 1496 350¹&
650 1418 688 1478 51
719 1425 787 1495 post
814 1419 875 1480 347
905 1420 1039 1497 posuerit
1068 1420 1185 1503 nescio;

108 1501 173 1562 scio
204 1501 317 1561 hiatum
343 1499 374 1560 in
403 1500 511 1579 syllaba
542 1500 663 1579 ancipiti
693 1519 838 1580 nusquam
867 1520 905 1563 ne
931 1503 962 1563 in
984 1506 1043 1566 fine
1067 1505 1186 1585 quidem

107 1583 227 1666 periodi
250 1602 305 1662 per
326 1592 438 1664 septem
461 1585 577 1664 priores
593 1585 758 1664 tragoedias
773 1587 914 1647 Senecam
930 1589 1082 1650 admisisse
1097 1589 1183 1672 (orel

108 1677 214 1743 annot),
238 1687 306 1729 cum
328 1669 408 1747 quod
430 1678 475 1730 est
496 1671 527 1731 in
549 1669 596 1730 his
611 1670 745 1731 versibus
760 1670 939 1732 difficultatis
954 1673 984 1733 id
1000 1673 1082 1734 nullo
1097 1675 1185 1735 modo

107 1754 230 1834 Pciperi
259 1753 428 1815 coniectura
456 1763 608 1836 tangatur3
637 1754 745 1834 loquor
773 1755 809 1815 de
837 1774 863 1815 v.
887 1757 959 1819 343.
1004 1757 1076 1818 dixit
1106 1760 1185 1820 enim

107 1848 198 1919 poeta
221 1855 340 1913 cervos,
362 1837 388 1899 si
410 1839 549 1917 coniugio
573 1857 627 1899 suo
649 1839 780 1913 timeant,
804 1859 842 1901 ne
855 1839 972 1918 proelia
996 1841 1114 1920 quidem
1137 1862 1185 1906 re·

108 1922 280 1985 formidare.
325 1922 404 2001 quod
427 1923 576 2002 sequitur:

317 2017 343 2068 et
363 2012 476 2086 mnnita
499 2008 567 2070 dunt
589 2012 714 2088 concepti
734 2011 816 2086 stan
836 2009 959 2087 furoris,

110 2092 183 2155 duas
206 2092 245 2153 ob
268 2091 398 2153 rationes
422 2092 553 2154 offendit.
586 2092 713 2171 primum
738 2100 900 2171 conceptus
921 2095 1005 2154 furor
1028 2101 1073 2154 est
1094 2093 1184 2156 libido

109 2177 237 2252 veneris,
253 2195 314 2238 non
330 2176 361 2236 in
370 2176 518 2256 ,periculis
533 2177 672 2255 coniugio
688 2177 910 2240 imminentibus
924 2178 976 2255 ira,
988 2178 1105 2258 qualem
1118 2197 1143 2239 e.
1155 2198 1183 2259 g.

110 2261 252 2324 Martialis
275 2260 416 2321 describit
436 2261 484 2336 IV,
508 2264 559 2336 74,
585 2264 598 2323 1

316 2349 419 2426 aspicis
441 2346 563 2408 imbelles
585 2355 720 2426 temptent
741 2363 825 2424 qnam
847 2348 939 2426 fortia
961 2349 1062 2409 darnae

312 2429 450 2510 proclia?
479 2442 537 2493 tom
559 2432 668 2492 timidis
689 2440 795 2510 quomo
817 2435 853 2493 sit
876 2436 923 2493 inc
943 2431 1039 2510 feris?

114 2515 218 2578 deiude
246 2533 349 2576 cervos
377 2515 492 2594 mugire
515 2533 676 2593 numquam
698 2513 793 2575 audivi
816 2534 872 2577 nec
894 2534 1072 2595 quemquam
1096 2516 1184 2577 credo

114 2609 161 2662 aut
181 2599 301 2662 audisse
322 2609 374 2660 aut
396 2600 512 2661 dixisse.
544 2617 613 2678 ergo
636 2601 709 2660 haec
732 2615 851 2678 quoque
871 2599 959 2661 verba
979 2600 1079 2662 locum
1095 2619 1185 2662 occu·

116 2693 222 2764 parum
250 2703 311 2746 nou
339 2703 426 2746 suum
449 2684 580 2762 legitimo
604 2684 754 2745 derelicto.
799 2703 873 2764 quae
895 2685 930 2746 ad
952 2685 1092 2747 iuvencos
1114 2685 1185 2746 olim

91 2826 94 2835 .
118 2769 293 2847 pertinuisse
303 2771 326 2843 ⁹)
350 2769 441 2831 multa
464 2770 648 2830 dissuadent:
680 2775 709 2829 et
732 2769 811 2848 quod
833 2768 973 2831 debiliora
996 2778 1096 2831 essent
1117 2779 1186 2851 post

120 2871 140 2912 t.
161 2855 232 2918 330.
257 2857 298 2918 40
328 2862 357 2915 et
384 2855 463 2934 quod
492 2854 557 2915 sine
584 2854 746 2914 mutatione
775 2860 843 2933 post
863 2873 891 2914 r.
914 2856 976 2919 340
1004 2854 1097 2916 inseri
1122 2873 1183 2917 non

122 2986 316 2998 ——a

198 3069 219 3134 ⁹)
236 3085 288 3136 quo
306 3070 399 3122 ducere
417 3070 499 3138 possit
508 3069 613 3136 Vergilii
629 3069 702 3121 locus
720 3085 807 3138 georg.
825 3071 864 3134 ΙΙΙ,
883 3074 932 3124 209
950 3086 989 3138 sq.
1008 3086 1082 3137 quem
1101 3075 1127 3121 et
1139 3068 1183 3121 Se·

62 3158 65 3189 1
128 3149 178 3186 neca
192 3138 308 3190 versibus
326 3153 391 3204 quos
409 3143 546 3189 tractamus
564 3138 677 3188 imitatus
695 3141 736 3189 est
753 3142 779 3190 et
796 3137 884 3191 eadem
895 3139 1006 3205 imagine
1019 3138 1058 3190 usi
1068 3137 1184 3189 Valerius

62 3198 66 3221 ¹
128 3198 150 3263 ΙΙ,
165 3206 210 3255 544
234 3204 333 3271 (qualis
350 3221 400 3271 per
417 3221 518 3271 pascua
536 3209 623 3255 victor
640 3205 802 3272 ingreditur,
827 3207 1103 3268 lamentabamur,
1128 3209 1184 3254 inm

131 3269 210 3322 cabior
226 3276 309 3324 amis
328 3279 430 3337 tonans,
445 3274 493 3323 nbi
506 3273 612 3323 adunati
622 3276 726 3339 pecoris
736 3274 843 3324 stabula
857 3274 912 3324 ulta
922 3276 1015 3323 recent
1027 3276 1053 3322 ct
1064 3273 1183 3336 panium

132 3349 206 3389 antas
222 3345 249 3391 at
264 3341 333 3392 ballo
351 3356 417 3406 qnos
434 3341 507 3391 nitus
525 3357 630 3392 amores
648 3341 680 3391 cl.
695 3341 724 3405 V,
743 3344 774 3394 61
794 3343 843 3407 sq.)
860 3344 894 3404 et,
912 3341 956 3407 qui
973 3339 1082 3391 maxime
1098 3343 1185 3391 tauro-

134 3415 176 3455 rum
190 3423 298 3475 pugnam
317 3408 454 3471 adamavit,
471 3407 581 3461 Statius:
600 3408 681 3460 Theb.
699 3409 726 3470 ll,
739 3411 788 3462 323
801 3425 839 3475 sq.
856 3408 895 3472 ill,
907 3410 956 3461 330
966 3423 1004 3473 sq.
1026 3407 1068 3472 vl,
1083 3409 1132 3462 804
1144 3421 1183 3475 sq.

135 3464 175 3536 ΠΙ,
190 3479 233 3528 001
252 3492 292 3545 sq.
327 3474 390 3528 Aeli.
403 3476 421 3541 l,
440 3478 489 3529 313
508 3491 555 3542 sq„
573 3491 680 3542 quorum
698 3476 812 3527 locorum
831 3476 944 3527 tertium:

316 3559 371 3595 non
389 3546 428 3593 aio
446 3543 568 3594 ductores
584 3546 688 3608 gemini
701 3547 795 3609 gregis
812 3544 924 3594 barrida
943 3545 1018 3594 tanai

318 3612 387 3662 bella
405 3617 525 3662 monent:
542 3612 629 3662 medio
647 3614 767 3662 enniana:
784 3616 839 3661 stat
856 3610 972 3662 candida
988 3616 1070 3678 prato

318 3683 447 3730 uictorem
464 3685 624 3744 capacium
646 3684 777 3745 rumpunt
793 3680 894 3730 obnixa
911 3678 1032 3740 fiorentes

141 3797 145 3810 ,
315 3752 436 3812 pectora,
452 3747 543 3798 subdit
560 3762 636 3797 amor
652 3747 773 3798 cumulos
791 3752 816 3797 ot
833 3747 945 3798 vulnera
962 3751 1043 3798 canai

133 3799 183 3855 '¹⁶0⁰
201 3810 332 3881 msuipsi,
356 3814 417 3882 quia
439 3814 527 3866 ultima
549 3815 626 3865 verba
649 3815 686 3866 sic
706 3813 863 3867 emendanda
882 3828 938 3867 esse
955 3827 1061 3866 censeo:
1085 3817 1111 3863 ot
1126 3812 1184 3864 onl-

139 3879 190 3923 lm
203 3883 298 3936 annot.
307 3883 384 3934 -ol
393 3881 495 3949 Longus
507 3898 533 3950 p.
544 3884 603 3948 160,
619 3885 649 3934 15
662 3881 778 3934 llercber.
791 3878 881 3950 ἔγνων
898 3881 926 3933 d’
946 3878 1000 3949 ἐγὼ
1017 3877 1062 3930 καὶ
1079 3881 1184 3947 ταῦρον

141 3927 275 4013 insama,
292 3947 340 4002 καὶ
358 3946 395 4007 ὥς
412 3945 514 4020 οἴστρῳ
533 3946 643 4017 πληγεὶς
659 3947 786 4018 ἐμυκᾶτο.
