2602 4380
485 224 630 268 ornemus
643 207 772 283 [sinsus]

94 385 206 439 nostra.
251 384 376 437 cruento
393 375 497 438 cecidit
512 377 542 437 in
558 375 635 437 bello
651 373 757 456 pater?

94 461 229 523 cecidere
245 458 372 523 tratres?
410 479 489 523 arma
506 481 566 523 uon
583 471 700 523 serrant
714 462 852 539 modum;

93 565 152 609 uec
165 547 323 626 temperari
339 546 425 608 lacilc
440 565 496 609 nec
508 545 631 626 reprimi
646 557 745 627 potest

94 631 188 693 stricti
205 630 285 693 ensis
300 631 353 707 ira,
369 630 443 692 bella
460 632 584 693 delectat
598 649 697 693 cruor.

93 716 146 778 sed
161 716 211 778 ille
226 735 319 796 regno
334 734 389 797 pro
405 734 470 792 suo,
487 736 542 778 nos
557 715 692 796 improba

93 801 235 882 cupidine
250 798 329 863 acti?
360 803 512 880 quaeritur
527 801 594 864 belli
611 801 717 873 exitus,

94 906 156 948 non
173 904 269 948 causa.
315 887 366 947 sed
383 905 464 949 nunc
478 896 581 967 pereat
599 885 696 947 omnis
712 884 870 947 memorio:

94 990 163 1034 cum
177 973 271 1033 victor
285 989 365 1033 arma
380 972 490 1052 posuit,
506 981 535 1034 et
550 972 659 1034 victum
672 971 756 1032 decet

95 1057 245 1137 deponere
261 1056 335 1118 odia.
366 1075 428 1118 non
443 1065 477 1118 ut
491 1056 599 1120 inllexo
616 1075 694 1136 genu

93 1150 268 1221 regnantem
283 1143 387 1203 adores
403 1142 547 1221 petimus:
563 1143 620 1204 hoc
635 1142 733 1222 ipsum
748 1140 845 1220 placet

93 1228 192 1290 animo
209 1227 311 1288 ruinas
326 1226 406 1306 quod
421 1227 502 1307 capis
517 1245 625 1306 magno
640 1237 723 1300 tuas3

94 1331 126 1373 es
142 1328 212 1389 rege
227 1313 358 1374 coniunx
373 1311 476 1391 digna:
492 1313 639 1374 sociemus
654 1322 745 1373 toros.

94 1415 163 1458 unc.
194 1397 314 1458 Gelidus
330 1415 385 1477 per
400 1405 481 1458 artus
496 1398 573 1459 vadit
587 1415 736 1476 exangues
750 1406 871 1458 tremor.

94 1483 174 1561 quod
189 1482 305 1543 lacinus
319 1500 406 1544 aures
420 1480 557 1563 pepulit?
587 1483 659 1543 haut
673 1482 809 1561 equidem
825 1480 939 1556 horrui,

96 1585 164 1628 curn
179 1585 252 1646 pace
268 1578 354 1647 rupta
369 1567 493 1629 bellicus
508 1586 610 1628 muros
629 1569 728 1645 lragor

94 1653 337 1728 circumsonaret,
353 1652 462 1732 pertuli
477 1652 624 1732 intrepide
638 1651 752 1712 omnia:

93 1737 236 1799 thalamos
251 1746 412 1811 tremesco;
432 1747 517 1817 capta
532 1754 614 1798 nuno
629 1736 730 1797 videor
747 1736 830 1797 mihi.

95 1833 217 1902 gravent
232 1830 350 1884 catenae
367 1840 477 1901 corpus
493 1831 522 1884 et
535 1822 623 1900 longa
637 1822 714 1881 lame

94 1926 176 1968 mors
191 1909 381 1986 protrahatur
395 1907 489 1968 lenta:
506 1906 680 1968 convincet
698 1905 786 1967 iidem

94 1993 212 2053 visulla
228 2001 375 2067 nostram;
392 1992 511 2068 moriar,
527 1992 637 2065 Alcide,
653 2003 712 2053 tua.

93 2097 156 2140 uro.
187 2076 350 2139 Animosne
364 2095 480 2139 mersus
494 2076 599 2139 inieris
613 2076 744 2138 coniunx
758 2072 849 2137 lacit?

94 2182 164 2224 uno.
194 2163 313 2225 lnlerna
329 2164 433 2241 tetigit,
449 2171 551 2243 posset
565 2173 598 2225 ut
613 2179 722 2241 supera
736 2159 864 2239 assequi.

94 2267 157 2309 irc.
187 2247 316 2309 Telluris
331 2248 414 2310 illum
430 2249 548 2329 pondus
562 2249 723 2309 immensae
738 2246 855 2327 premit.

94 2351 163 2394 unc.
194 2331 281 2393 Nullo
297 2345 447 2412 premetur
463 2352 564 2410 onere,
579 2332 632 2412 qui
647 2333 760 2394 caelum
776 2331 851 2393 tulit.
877 2382 880 2387 ,

93 2437 157 2480 nrc.
188 2416 310 2496 Cogere.
368 2437 437 2480 uno.
469 2418 540 2499 Cogi
556 2419 608 2498 qui
623 2425 721 2499 potest
735 2417 831 2479 nescit
844 2418 930 2479 mori.

93 2522 157 2566 nuc.
189 2502 284 2564 Ellare
300 2504 415 2583 potius,
437 2505 516 2584 quod
532 2504 616 2566 novis
630 2503 764 2565 thalamis
779 2521 881 2582 parem

95 2587 204 2666 Regale
218 2606 337 2649 munus.
396 2607 464 2650 uno.
496 2590 554 2649 Aut
567 2597 647 2651 tuam
664 2597 786 2650 mortem
802 2595 853 2648 aut
868 2605 973 2650 meam.

93 2693 157 2736 arc.
188 2673 314 2734 Moriere
329 2673 460 2736 demens.
516 2693 584 2735 uno.
615 2673 741 2753 Coniugi
756 2690 911 2734 occurram
925 2691 1001 2735 meo.

94 2778 158 2822 arc.
189 2759 352 2837 Sceptrone
368 2766 471 2820 nostro
486 2759 615 2821 famulus
630 2769 675 2820 est
689 2758 789 2839 potior
803 2755 879 2819 citit

95 2862 164 2906 unc.
196 2843 275 2914 Quot
290 2843 344 2905 iste
359 2843 488 2904 famulus
503 2844 622 2905 tradidit
635 2860 722 2921 reges
737 2844 814 2904 neci.

94 2948 156 2991 uro.
190 2928 249 2989 Cur
265 2946 335 3007 ergo
351 2928 413 3007 regi
429 2929 519 2990 servit
534 2940 563 2991 et
578 2929 689 3008 patitur
704 2926 828 3007 iugum?

95 3032 164 3076 uno.
195 3013 321 3093 Imperia
337 3014 409 3074 dura
425 3013 510 3075 tolle:
524 3013 595 3093 quid
611 3013 704 3075 virtus
719 3011 798 3074 erit?

95 3118 159 3159 nrc.
190 3098 274 3160 Obici
289 3099 362 3159 ieris
377 3100 578 3179 monstrisque
593 3098 730 3160 virtutem
745 3095 853 3178 putas?

95 3203 165 3245 unc.
193 3183 316 3244 Virtutis
331 3191 376 3245 est
391 3185 509 3245 domare
526 3203 601 3264 quae
616 3184 717 3246 cuncti
732 3193 849 3262 parent.

95 3288 158 3329 nro.
188 3269 340 3330 Tenebrae
355 3269 525 3347 loquentem
541 3287 648 3346 magna
661 3269 818 3329 Tartareae
832 3271 982 3346 premunt.

96 3373 165 3416 unc.
195 3353 261 3415 Non
278 3353 373 3415 estad
389 3361 465 3414 astra
480 3354 578 3415 mollis
593 3353 711 3416 eternis
726 3352 779 3413 via.

95 3459 158 3502 arc.
189 3439 255 3511 Quo
270 3446 354 3518 patre
370 3437 487 3515 genitus
503 3437 639 3500 caelitum
655 3445 755 3517 sperat
770 3431 895 3498 domos?

96 3543 181 3585 nuru.
212 3524 377 3586 Miseranda
392 3523 522 3585 coniunx
538 3522 674 3585 Herculis
689 3521 799 3601 magni,
815 3519 884 3582 sile:

181 3694 232 3743 tta
256 3691 379 3758 exanguis
399 3690 422 3742 u
513 3691 562 3744 tta
588 3704 696 3757 superna
715 3687 751 3750 Ε,
775 3687 823 3738 sod
845 3701 877 3739 na
901 3685 1136 3739 3m.t.ras.1tt.
1156 3701 1170 3737 a

97 3762 146 3812 tto
166 3764 333 3825 premeretur:
352 3774 379 3812 re
397 3774 465 3810 aras.
478 3758 503 3808 lt
571 3761 620 3811 427
640 3758 702 3810 thal.
720 3755 788 3824 quod
807 3771 832 3807 n.
851 3754 937 3824 potius
955 3753 1031 3806 codd.
1051 3757 1171 3807 corrosit

97 3829 129 3878 da
148 3826 329 3879 Wc'lamowitz
407 3830 457 3881 430
481 3829 634 3894 sceptroque
656 3827 714 3877 uA
732 3840 801 3877 corr.
821 3828 850 3886 ς.
868 3851 899 3862 -
922 3821 1006 3891 potior
1030 3826 1069 3875 est
1091 3822 1171 3874 iamn-

97 3894 181 3946 lusA
265 3898 314 3949 431
340 3899 529 3962 quotttras.
548 3894 661 3947 acdld
746 3890 1172 3959 433quidtiaoeottml)ld

97 3965 148 4015 438
165 3967 284 4028 penetrat
301 3962 391 4016 domos
407 3964 432 4015 A
