2580 4366
550 215 681 259 PHAEBM

81 359 207 439 diffugit,
230 362 327 423 omnis
347 361 455 442 frigido
478 365 636 443 exsanguis
653 373 738 428 ‚metu

80 453 203 506 venator
224 445 335 509 horret.
379 448 462 509 solus
483 449 625 512 immunis
644 463 726 514 metu

80 528 260 610 Hippolytus
281 532 352 594 artis
374 531 507 595 continet
528 534 621 596 frenis
643 554 736 615 equos

79 608 260 695 pavidosque
278 620 370 679 'notae
392 617 471 679 vocis
492 618 611 681 hortatu
633 620 700 682 ciet.

81 711 126 762 est
147 699 204 761 alta
226 701 262 762 ad
283 719 371 780 agros
393 701 518 765 collibus
539 703 637 784 ruptis
657 704 713 780 via,

79 785 175 846 vicina
196 793 322 864 tangens
344 785 437 865 spatia
459 787 607 868 suppositi
627 790 731 864 meris3

80 869 129 931 hic
151 888 183 931 se
205 869 254 932 illa
275 871 368 933 moles
390 871 470 935 acuit
491 881 578 952 atque
599 873 659 936 iras
679 881 772 955 purat

80 963 114 1016 ut
136 955 216 1034 cepit
236 954 351 1017 animos
372 974 464 1036 seque
485 966 705 1039 praetemptans
726 959 797 1022 satis

81 1038 210 1120 prolusit
232 1040 302 1116 irae,
325 1041 458 1122 praepeti
480 1061 571 1105 cursu
594 1043 696 1118 evolat,

81 1142 226 1186 summam
249 1125 337 1188 citato
358 1125 405 1187 vix
428 1127 520 1205 gradu
541 1134 667 1206 tangens
690 1129 823 1206 humum,

81 1217 111 1271 et
132 1217 212 1270 torva
235 1227 341 1271 currus
363 1218 432 1273 ante
452 1211 634 1292 trepidantes
656 1213 746 1275 stetit.

82 1302 185 1356 contra
207 1295 299 1356 feroci
321 1303 408 1358 natus
430 1296 591 1377 insurgens
610 1299 710 1361 minax

80 1379 164 1440 uultu
185 1397 242 1440 nec
264 1397 315 1440 ora
336 1388 429 1443 mutat
451 1391 481 1443 et
500 1399 641 1461 magnum
662 1383 795 1444 intonat:

81 1463 170 1524 ‘haud
191 1464 301 1544 frangit
322 1465 452 1527 animum
475 1484 567 1528 vanus
587 1467 638 1529 hic
658 1476 756 1529 terror
777 1485 893 1530 meum:

81 1565 149 1610 nam
170 1548 243 1609 mihi
265 1557 407 1629 paternus
429 1550 549 1613 vincere
571 1561 616 1612 est
636 1561 738 1614 tauros
759 1552 864 1615 lanu?

81 1631 312 1712 inobsequentes
333 1635 472 1715 pmtinus
493 1634 588 1697 irenis
608 1637 678 1715 equi

80 1736 207 1797 rapuere
229 1737 351 1780 currum
374 1719 491 1799 iamque
513 1719 666 1782 derrantes
687 1719 743 1796 via,

81 1805 268 1882 quacumque
290 1802 409 1865 rabidos
430 1804 554 1884 pavidus
575 1805 668 1868 evexit
689 1806 784 1880 furor,

80 1887 136 1949 hac
158 1888 202 1950 ire
223 1895 354 1967 pergunt
375 1907 468 1969 seque
489 1907 545 1968 per
564 1891 705 1969 scopulos
726 1899 828 1970 agunt
873 1926 875 1931 ·

81 1971 191 2048 atille,
214 1973 310 2052 qualis
331 1972 450 2036 turbido
472 1982 572 2036 rector
592 1975 666 2036 mari

80 2062 173 2118 ratem
194 2065 331 2130 retentat,
354 2076 393 2119 ne
414 2058 464 2120 det
484 2058 638 2137 obliquum
659 2059 746 2133 latus,

81 2150 112 2203 et
132 2152 195 2204 arte
216 2143 340 2204 fluctum
362 2142 444 2214 fallit,
467 2143 546 2204 haud
569 2143 654 2206 aliter
675 2144 749 2206 citos

81 2244 188 2288 currus
210 2226 370 2306 gubernat:
395 2246 446 2289 ora
467 2246 551 2290 nune
571 2227 684 2308 pressis
705 2227 794 2290 trahit

81 2311 240 2373 constricta
261 2312 364 2388 frenis,
385 2319 467 2391 terga
489 2331 573 2375 nunc
593 2320 672 2375 torto
694 2313 836 2392 frequens

80 2395 204 2457 verbere
226 2396 373 2458 cohercet.
418 2397 553 2477 sequitur
574 2397 715 2460 adsiduus
737 2415 847 2474 comes,

82 2498 165 2542 nunc
186 2499 279 2560 aequa
301 2499 427 2562 carpens
448 2481 550 2562 spatia,
573 2501 656 2545 nuno
678 2490 780 2545 contra
803 2482 908 2545 obrius

82 2565 211 2642 oberrat,
234 2566 315 2626 omni
336 2573 422 2646 parte
443 2576 588 2629 terrorem
609 2585 742 2631 movens.

81 2669 143 2713 non
165 2650 251 2711 licuit
271 2650 349 2712 ultra
370 2651 490 2729 fugeret
513 2669 581 2715 nam
602 2659 665 2714 toto
687 2651 791 2715 obvim

80 2735 210 2797 incurrit
232 2753 284 2797 ore
306 2735 446 2814 corniger
466 2736 552 2816 ponti
572 2735 724 2799 horridus.

81 2829 145 2883 tum
166 2838 236 2906 verq
258 2819 361 2899 pauida
383 2820 541 2900 sonipedes
563 2828 663 2883 mente
685 2821 773 2883 exciti

81 2903 205 2984 imperia
227 2905 347 2968 solvunt
367 2923 460 2986 seque
481 2903 634 2968 luctantur
654 2906 724 2985 iugo

81 2990 198 3069 eripere
219 2989 353 3070 rectique
375 2990 406 3051 in
429 2989 520 3069 pedes
542 2990 653 3056 iactant
673 3008 760 3053 onus.

80 3092 225 3154 praeceps
246 3075 277 3135 in
300 3093 351 3136 ora
373 3075 460 3136 lusus
480 3073 626 3154 implicuit
649 3074 757 3136 cadens

82 3158 189 3239 laqueo
211 3160 308 3221 tenaci
331 3177 441 3240 corpus
463 3168 492 3221 et
514 3166 625 3239 quanto
647 3158 741 3237 magis

82 3254 206 3323 pugnat,
229 3262 371 3324 sequaces
392 3244 450 3306 hoc
471 3243 565 3323 magis
587 3243 681 3306 nodos
702 3243 783 3322 ligat.

82 3346 204 3390 sensere
225 3329 357 3409 pecudes
378 3329 494 3391 lacinus
515 3362 557 3372 —
580 3337 610 3391 et
630 3346 722 3391 curru
743 3326 811 3404 levi,

83 3413 254 3477 dominante
276 3414 370 3490 nullo,
392 3431 451 3493 qua
472 3413 562 3475 timor
583 3413 669 3475 iussit
694 3423 798 3474 ruunt.

81 3497 148 3560 talis
169 3516 223 3578 per
244 3516 330 3561 auras
353 3516 414 3560 non
437 3514 524 3560 suum
546 3515 713 3578 agnoscens
735 3514 813 3557 onus
1096 3504 1157 3556 1000

169 3668 234 3719 1053
252 3664 412 3718 disceeth
482 3666 548 3717 1001
566 3662 648 3716 solus:
673 3678 695 3715 rs
712 3665 731 3715 i.
749 3678 804 3714 ras.
827 3664 843 3713 1
867 3660 906 3712 tit.
924 3658 1028 3718 ΜΕ
1050 3660 1156 3716 solist

84 3736 148 3786 1007
166 3735 251 3800 Argos
267 3734 293 3785 A
310 3731 438 3800 ofi1,205
492 3733 558 3786 1058
575 3730 653 3783 vicini
669 3730 695 3783 Ε
749 3733 814 3785 1000
831 3727 1039 3797 pmecipltnnsg
1089 3731 1152 3784 1001

79 3800 244 3867 praelusit&
296 3801 547 3867 106³‘torvusqueA
601 3801 665 3852 toto
683 3795 905 3866 quaquumquedl.
922 3823 958 3835 -
974 3795 1080 3864 posidos
1089 3796 1156 3864 mpi-

80 3867 129 3921 dns
147 3871 172 3921 A
225 3871 292 3922 1014
308 3868 402 3921 ductus
419 3869 445 3920 A
498 3869 563 3922 tuso
580 3870 655 3918 torvo
672 3871 697 3918 A
750 3866 815 3920 1001
835 3880 898 3932 ean„
913 3863 1038 3918 eodadd.
1054 3868 1084 3917 in
1100 3880 1154 3932 ng.

82 3939 141 3988 lm.
159 3936 184 3988 ll
249 3935 314 3990 1085
331 3937 358 3989 in
375 3951 420 3988 ora
438 3939 532 4002 gnotus
547 3933 620 4001 impl.
635 3937 662 3986 A
