2580 4366
519 229 664 285 rnrusrus

57 379 138 442 fratri
162 388 250 458 atque
272 395 375 457 regno,
399 378 494 443 credis
513 397 552 441 at
571 379 776 447 metuenda

56 466 115 527 iam
137 463 222 538 ricta,
245 463 302 525 iam
324 472 481 526 mansueta
498 472 530 527 et
549 481 705 543 aerumnag
726 465 812 543 fugit¹
995 512 998 517 .

50 551 134 612 bene
157 546 335 610 collocatas?
363 567 428 610 esse
449 549 507 612 iam
528 549 780 621 miserentium.
926 553 929 556 ’

55 635 177 696 reflecte
198 652 342 713 gressum,
364 635 435 695 dum
455 633 534 708 licet,
556 644 646 714 teque
666 635 765 715 eripe..

56 740 140 782 rtur.
185 717 267 789 Quae
288 737 375 780 causa
397 719 487 798 cogit,
501 719 639 797 genitum
656 739 676 781 a
696 719 790 800 petria
812 721 936 800 gradum
1008 786 1011 795 ,
1114 764 1117 771 -

57 806 169 866 referre
190 801 273 865 visa‘l
302 822 355 865 cur
376 804 464 867 bonis
485 805 578 867 tantis
595 803 695 873 sinunt

58 886 222 951 subducis?
251 890 294 950 ira
316 888 406 973 lrater
428 888 540 952 abiecta
561 888 637 952 cedit

58 982 232 1055 partemque
254 973 338 1052 regni
361 975 457 1037 reddit
478 983 508 1037 et
528 973 641 1047 lacerno
663 974 769 1039 mnus

58 1061 213 1140 componit
233 1068 314 1120 artus
335 1067 424 1139 teque
446 1059 572 1135 restituit
594 1060 658 1121 tibi
888 1116 890 1121 .

57 1163 122 1205 rur.
187 1143 311 1228 Causam
333 1145 447 1209 timeris
468 1145 532 1224 ipse
555 1163 643 1224 quam
665 1144 771 1224 ignoro
793 1143 902 1225 exigis.

59 1229 133 1290 nihil
155 1229 320 1294 timendum
338 1229 437 1304 rideo,
457 1230 509 1291 sed
530 1229 621 1293 timeo
644 1239 753 1298 tamen.

56 1313 155 1395 placet
176 1314 235 1388 ire,
258 1313 351 1394 pigris
372 1314 503 1383 membra
525 1314 580 1377 sed
598 1315 726 1394 genibus
745 1313 845 1389 labant

57 1398 176 1479 alioque
199 1416 287 1479 quam
309 1418 368 1480 quo
391 1401 470 1461 nitor
491 1399 636 1463 abductus
658 1401 746 1463 leror.
853 1462 856 1467 .

59 1484 102 1545 sic
125 1485 300 1545 concitatam
322 1485 435 1563 remige
457 1493 488 1546 et
506 1484 572 1546 relo
594 1495 686 1547 retem
748 1475 756 1498 '

57 1578 156 1630 aestus
175 1569 318 1630 resistens
339 1569 495 1648 remigiet
516 1568 581 1631 velo
603 1571 702 1631 relert.
808 1631 810 1636 .

57 1673 142 1714 rann.
185 1654 296 1715 Evince
318 1654 460 1734 quidquid
483 1653 579 1719 obstat
600 1665 630 1717 et
649 1666 779 1719 nentem
800 1651 924 1732 impedit
1086 1665 1145 1716 tto·

57 1739 257 1819 reducemque
280 1750 388 1818 quanta
410 1741 541 1820 praemia
562 1748 719 1820 expectent
740 1737 813 1800 ride.

57 1834 153 1904 pater,
175 1835 260 1904 potes
282 1842 415 1903 regnare.
460 1843 525 1886 rur.
569 1823 646 1887 Cum
665 1824 778 1905 possim
798 1823 885 1887 mori.

58 1929 142 1969 rann.
187 1908 306 1970 Summa
329 1918 375 1970 est
395 1916 525 1989 potestas
545 1942 588 1955 -·-
631 1927 695 1969 rur.
739 1907 839 1971 Nulla:
863 1907 887 1969 si
909 1905 1012 1989 cupies
1025 1906 1118 1971 nibil.

59 2013 144 2057 narr.
186 1993 269 2056 Natis
289 1992 450 2074 relinques.
494 2013 558 2056 rur.
602 1993 669 2055 llon
692 1995 769 2075 capit
790 2011 916 2075 regnum
937 1992 1023 2059 duos

59 2098 149 2158 rann„
186 2079 276 2143 Miser
298 2097 362 2140 esse
383 2079 493 2141 mavult
516 2098 581 2140 esse
603 2078 654 2159 qui
676 2079 744 2147 telis
758 2076 889 2159 ‚potenti
928 2140 931 2147 ,
1086 2090 1133 2141 tlt
1232 2149 1234 2152 Α

59 2182 124 2224 rur.
188 2157 260 2226 Mihi
282 2164 379 2239 crede,
401 2164 482 2226 falsis
503 2182 609 2244 magna
632 2163 805 2233 nominibus
821 2165 953 2245 placent,

58 2248 169 2309 frustra
193 2248 333 2312 timentur
354 2251 436 2312 dura.
481 2250 552 2313 dum
574 2249 810 2324 excelsus-steti,

59 2351 221 2412 numquam
244 2352 349 2412 pavere
369 2334 468 2397 destiti
490 2344 582 2414 atque
599 2334 697 2416 ipsum
720 2335 779 2397 mei

58 2419 172 2478 serrum
194 2419 300 2481 timere
320 2419 429 2482 lateris
473 2428 657 2499 equantum
680 2420 792 2482 bonum
816 2430 861 2487 est

59 2502 178 2564 obstare
199 2503 285 2578 nulli,
308 2523 413 2584 capere
435 2507 663 2586 securas-dapes

59 2586 144 2649 humi
167 2588 326 2651 iacentem!
359 2589 471 2659 scelera
492 2609 554 2652 non
576 2592 804 2663 tetrantorum,

59 2682 200 2752 tutusque
221 2690 324 2735 mensa
345 2674 461 2755 capitur
482 2686 606 2754 angusta
628 2674 729 2748 cibus3
854 2737 855 2740 ,

58 2776 206 2818 venenum
228 2759 259 2818 in
282 2777 354 2820 auro
376 2759 489 2820 bibitur
511 2793 552 2804 -
596 2771 735 2838 expertus
757 2757 879 2838 loquor:

59 2843 167 2904 malam
188 2843 284 2904 bonae
307 2844 456 2923 praeferre
478 2845 626 2905 lortunam
648 2842 724 2905 licet

60 2947 122 2989 non
145 2928 253 2989 vertice
275 2926 457 2995 altimontis
478 2927 646 3008 impositam
667 2929 788 2991 domum

60 3024 88 3074 et
110 3013 290 3074 eminentem
313 3013 413 3073 civitas
435 3013 555 3076 humilis
576 3013 678 3077 tremit
815 3090 817 3094 Ι
864 3088 867 3095 Ι

60 3117 117 3159 nec
139 3097 233 3176 fulget
254 3098 318 3158 altis
341 3098 527 3177 splendidum
550 3099 633 3160 tectis
656 3098 730 3159 ebur
884 3154 887 3175 ί
928 3172 930 3179 Ι

59 3200 240 3263 somnosque
263 3200 323 3243 non
346 3182 477 3245 defendit
497 3182 770 3258 excubitormeos3

59 3286 122 3329 non
146 3267 459 3348 classibus-piscamur
480 3278 512 3331 et
531 3277 613 3333 remo
632 3285 714 3329 mane

60 3353 134 3414 iacta
157 3355 292 3430 sugamus
313 3352 392 3413 mole
414 3371 469 3412 nec
491 3364 621 3430 uentrem
644 3352 814 3431 improbum

59 3438 166 3501 alimus
187 3437 301 3499 tributo
324 3438 469 3516 gentium,
493 3437 592 3499 nullus
613 3437 684 3499 mibi

60 3523 136 3584 ultra
159 3522 246 3584 Getas
269 3531 395 3583 metatur
417 3531 446 3582 et
467 3521 592 3585 Parthos
613 3539 698 3601 ager3

146 3691 196 3743 tut
215 3689 317 3748 lr.-er.
337 3695 363 3741 ct
384 3703 414 3740 ac
432 3704 465 3741 m.
482 3704 518 3741 m.
539 3691 660 3756 propriis
684 3686 803 3741 versibus
820 3686 845 3736 E
917 3686 967 3739 428
985 3683 1092 3741 deflecte
1109 3685 1134 3736 A

57 3761 112 3811 436
128 3757 177 3810 snb
194 3757 302 3823 genibus
320 3756 345 3808 Ε
363 3759 421 3821 (etc)
480 3758 532 3811 438
550 3752 726 3824 remoratum
742 3757 783 3809 ff
826 3755 876 3808 439
895 3757 981 3806 aestus
999 3763 1134 3823 resurgens

59 3827 86 3877 A
155 3828 206 3879 sto
222 3825 343 3892 pervince
361 3827 385 3876 A
459 3825 511 3878 452
528 3820 699 3892 totusque-ld.
716 3851 750 3863 -
773 3838 797 3877 c.
815 3837 838 3876 a.
855 3828 880 3876 c.
899 3825 929 3872 in
947 3821 1065 3874 terrama
1083 3818 1133 3885 ἰοὶ.

59 3895 122 3947 125²·
144 3910 193 3960 uer
217 3893 379 3944 concliorum
397 3907 523 3944 rasuram
545 3891 619 3945 laesa
644 3897 670 3943 et
690 3893 791 3958 partim
804 3888 833 3945 '2
850 3896 944 3958 manu·
958 3897 1088 3943 renouata
1110 3888 1135 3942 Ε

20 4024 26 4033 ,
60 3965 111 4017 460
131 3961 225 4014 nonA
294 3962 344 4014 462
362 3961 465 4012 metitur
482 3959 507 4010 A
845 3976 847 3981 ·
993 3964 996 3969 '
