2580 4366
445 239 589 282 unncvnns
612 225 759 300 [ouranos]

63 385 156 447 rictus
177 405 259 449 meos
282 389 401 469 infregit
424 400 453 451 et
474 391 623 452 lacrimam
646 391 767 470 expulit.

63 471 182 532 dentem
206 485 382 552 gementem,
404 493 520 536 summe
541 494 597 554 pro
619 484 717 537 rector
739 477 809 555 poli,

63 574 111 617 me
133 568 211 620 terra
232 559 313 635 vidit,
336 561 475 641 quodque
497 578 545 620 me
566 567 686 639 torquet
708 563 810 640 magis,

64 661 190 705 noverca
211 643 292 704 vidit.
338 645 397 706 urit
419 663 489 706 ecoe
510 645 618 707 iterum
639 645 738 722 fibras,
799 678 804 686 ·

63 727 185 798 incaluit
207 729 295 790 ardor
317 762 356 773 —
381 730 460 791 unde
483 748 564 791 nunc
585 731 698 792 fulmen
721 728 818 793 mihil

191 882 273 926 cnon.
318 863 395 935 Quid
417 883 478 926 non
501 865 597 945 possit
617 884 759 946 superare
781 864 887 929 dolor?

190 949 339 1029 quondam
362 949 464 1011 Getico
486 950 588 1011 durior
610 949 721 1013 Haemo

191 1052 247 1094 neo
268 1033 424 1096 Parrhasio
446 1033 544 1096 lenior
566 1054 618 1097 axe

190 1137 275 1180 saevo
298 1119 386 1180 cessit
407 1119 539 1181 membra
561 1120 656 1182 dolori

189 1203 361 1283 fessumque
383 1222 503 1266 movens
526 1223 580 1285 per
602 1205 677 1266 colla
699 1219 787 1287 caput

190 1288 266 1350 latus
288 1289 400 1350 alterno
423 1290 556 1369 pondere
577 1290 678 1366 flectit,

189 1374 292 1436 fletum
313 1373 406 1435 virtus
428 1393 516 1455 saepe
538 1375 680 1437 resorbet.

191 1458 234 1519 sic
255 1469 369 1520 arctoas
391 1458 488 1520 laxare
510 1461 592 1522 nives

190 1542 323 1623 quamvis
343 1543 444 1623 tepido
466 1544 564 1605 sidere
585 1544 671 1605 Titan

192 1646 253 1689 non
275 1636 374 1689 tamen
396 1629 485 1690 audet
504 1628 655 1708 vincitque
677 1630 755 1691 laces

191 1712 262 1774 solis
284 1713 380 1774 adusti
402 1712 522 1791 glaciale
543 1712 637 1774 iubar.

61 1866 146 1909 nnnc.
191 1847 335 1909 Converte
356 1846 453 1908 voltus
475 1849 510 1909 ad
533 1866 613 1910 meas
636 1849 742 1922 clades,
766 1856 863 1929 pater:

61 1951 225 2012 numquam
245 1934 282 1995 ad
302 1941 368 1994 tuas
392 1933 525 2012 confugit
546 1932 665 1994 Alcides
685 1952 801 2012 manus,

61 2036 125 2080 non
148 2035 216 2078 curn
237 2036 293 2097 per
314 2026 394 2079 artus
416 2018 506 2098 hydra
528 2018 690 2080 fecundum
711 2036 794 2081 meos

61 2113 151 2182 caput
172 2103 347 2182 explicarot3
371 2103 449 2164 inter
472 2103 605 2164 internos
627 2103 709 2165 lacus

60 2206 218 2269 possessus
240 2197 302 2249 atra
325 2197 412 2250 nocte
434 2206 502 2248 cum
524 2188 595 2249 Fato
618 2189 684 2250 steti

60 2291 119 2334 nec
141 2273 288 2347 invocavi3
310 2281 355 2334 tot
377 2274 453 2334 feras
475 2273 531 2335 vici
553 2272 697 2348 horridas,

60 2375 157 2439 reges,
180 2365 332 2437 tyrannos,
356 2376 412 2419 nec
435 2366 534 2420 tamen
557 2358 653 2420 voltus
676 2376 758 2419 meos

61 2444 93 2504 in
116 2452 192 2505 astra
214 2443 303 2503 torsi:
326 2462 445 2522 semper
467 2443 540 2505 haec
562 2442 649 2505 nobis
671 2461 777 2504 manus

60 2535 161 2589 votnm
184 2529 360 2608 spopondit;
383 2528 464 2590 nulla
486 2539 611 2608 propter
632 2547 679 2590 me
701 2546 785 2589 sacro

61 2613 193 2675 micuere
215 2612 296 2674 caelo
317 2612 441 2675 fulmina
463 2647 506 2658 -
528 2615 577 2675 hic
599 2613 709 2693 aliquid
732 2614 794 2675 dies

61 2708 165 2778 optare
187 2697 281 2759 iussit.
328 2698 444 2777 primus
466 2697 591 2759 audierit
612 2717 718 2778 preces

60 2783 200 2862 idemque
222 2800 372 2843 summus:
397 2783 519 2843 unicum
540 2782 653 2844 fulmen
676 2789 762 2861 peto;

60 2867 180 2948 giganta
202 2867 305 2929 crede:
329 2886 391 2928 non
413 2867 513 2928 minus
536 2867 650 2928 caelum
671 2867 745 2927 mihi

60 2972 193 3016 asserere
214 2952 299 3033 potui
320 2986 362 2998 -
385 2952 455 3013 dum
477 2958 590 3031 patrem
613 2969 715 3012 verum
737 2959 821 3031 puto,

61 3039 142 3100 caelo
165 3037 296 3118 peperci.
341 3038 401 3099 sive
423 3036 561 3111 crudelis,
584 3046 676 3116 pater,

61 3125 123 3185 sive
145 3143 176 3184 es
198 3122 378 3198 misericors,
400 3122 553 3183 commoda
576 3130 645 3183 nato
668 3139 789 3182 manum

60 3216 242 3290 properante
264 3216 358 3268 morte
381 3215 410 3268 et
432 3225 546 3286 occupa
567 3206 644 3268 hanc
667 3206 783 3267 laudem
806 3205 869 3267 tibi.

61 3293 106 3354 vel
129 3293 154 3354 si
176 3294 258 3372 piget
281 3310 446 3370 manusque
469 3293 612 3354 detrectat
633 3291 726 3364 nefas,

63 3379 163 3440 emitte
185 3376 287 3440 Siculo
310 3378 418 3440 vertice
440 3378 586 3451 ardentes,
609 3384 702 3456 pater,

61 3463 181 3524 Titanas
203 3463 235 3524 in
258 3480 315 3538 me,
338 3463 390 3542 qni
411 3480 502 3523 manu
523 3459 639 3523 Pindon
663 3461 760 3521 lerant

150 3634 216 3684 1214
232 3630 350 3682 lacrimas
367 3629 398 3682 Ε.
419 3659 452 3669 -
471 3628 561 3681 extulit
578 3628 604 3677 A
675 3629 739 3679 1215
755 3628 885 3692 protector
901 3625 927 3675 A
949 3628 1096 3691 prospector
1114 3631 1134 3690 ς

63 3703 128 3754 1281
148 3701 266 3767 parnasio
284 3698 339 3762 Ες.
357 3697 501 3749 -lentior
518 3696 595 3747 codd.
613 3698 735 3747 corrosit
749 3695 781 3745 1).
800 3694 924 3763 Heinsius
978 3695 1044 3745 1282
1060 3693 1134 3746 laevo

61 3768 87 3819 E
141 3770 206 3821 1283
225 3772 314 3818 movet
330 3767 356 3817 E
409 3767 474 3818 1285
493 3763 598 3817 resolvit
615 3765 640 3814 A
694 3764 759 3816 1290
776 3777 889 3812 scaenae
906 3761 1134 3813 inscribitur-Her-

62 3835 142 3888 cules.
159 3836 280 3888 Alcmena
334 3834 401 3886 1296
419 3849 470 3885 non
488 3837 572 3884 tamen
590 3833 616 3883 A
670 3835 735 3885 1300
754 3829 863 3882 audieris
880 3829 906 3880 Ε
962 3832 1027 3881 1302
1045 3844 1134 3882 verum

62 3903 168 3955 milriA
238 3905 303 3956 1306
322 3916 429 3968 propera
448 3905 507 3953 onte
525 3900 668 3952 mortemA
739 3901 803 3952 1309
822 3899 865 3965 qui
882 3913 958 3950 manu
970 3896 1078 3949 Pindum
1096 3898 1133 3950 le·

61 3976 121 4024 raut
138 3972 163 4021 Α
181 3973 225 4038 qui
242 3986 334 4023 monus
351 3969 433 4023 Pindo
451 3970 516 4022 leret
533 3968 558 4019 ll
