2602 4380
472 270 473 275 ,
508 231 683 275 taihundon

57 395 87 445 at
108 383 167 453 ille,
191 393 223 444 ut
245 381 309 444 altis
332 382 468 462 hispidus
491 383 570 445 silris
594 403 665 463 aper

58 487 126 530 cum
149 486 231 529 casse
253 467 369 529 rinctus
391 475 514 548 temptat
537 486 673 546 egressus
695 479 792 531 tamen

58 564 192 632 artatque
214 561 296 612 motu
319 552 414 613 vincla
437 562 465 614 et
487 554 519 614 in
542 572 657 616 cassum
680 554 761 629 furit,

60 639 142 718 cupit
165 639 291 699 llnentes
313 637 445 716 undique
469 649 498 701 et
520 657 623 700 caecos
645 640 729 701 sinus

59 725 183 785 disicere
206 732 236 784 et
257 724 372 784 hostem
395 724 508 801 quaerit
529 723 691 805 implicitus
714 743 811 788 suum.

59 817 151 870 armat
173 808 296 888 bipenni
319 808 463 888 Tyndaris
485 809 614 871 dextram
637 810 750 887 furens,

42 893 214 973 ‘qualisque
237 894 273 954 ad
296 912 360 955 aras
383 893 457 955 colla
480 903 632 956 taurorum
656 913 733 975 popa

59 980 193 1058 designat
216 977 310 1039 oculis
332 987 488 1057 antequam
511 980 591 1042 ferro
614 988 703 1061 petat,

59 1066 102 1125 sic
125 1066 184 1125 huc
207 1073 235 1125 et
257 1062 328 1125 illuc
350 1065 470 1144 impiam
493 1064 579 1126 librat
600 1083 730 1126 manum.

60 1149 157 1224 hahet,
180 1155 332 1228 peractum
356 1158 408 1210 est.
454 1150 565 1229 pendet
588 1151 692 1230 exigua
714 1151 790 1213 male

59 1242 149 1314 caput
171 1234 352 1313 amputatum
376 1243 459 1313 parte
482 1243 512 1296 et
532 1235 603 1296 hinc
625 1244 733 1297 trunco
756 1254 846 1298 cruor

61 1319 197 1394 exundat,
221 1318 282 1379 illic
305 1338 355 1379 ora
378 1338 446 1380 cum
468 1321 587 1381 fremitu
611 1320 716 1383 iacent.

61 1405 193 1464 nondum
216 1404 373 1465 recedunt:
399 1405 448 1466 ille
471 1406 528 1466 iam
551 1407 714 1468 exanimem
737 1407 811 1487 petit

60 1490 226 1566 laceratque
249 1507 369 1569 corpus,
393 1489 440 1550 illa
464 1491 623 1552 fodientem
640 1491 770 1552 adiurat.

61 1583 187 1654 uterquc
209 1583 291 1634 tanto
314 1575 425 1635 scelere
448 1576 609 1654 respondet
631 1575 708 1637 suis:

60 1669 106 1722 est
127 1661 176 1721 hic
198 1659 325 1737 Thyeste
347 1666 444 1732 natus,
468 1659 541 1720 haec
563 1658 691 1721 Helenae
714 1677 807 1721 soror.

60 1755 117 1807 stat
139 1763 208 1806 ecce
230 1744 315 1805 Titan
339 1744 448 1804 dubius
470 1745 593 1806 emerito
616 1744 672 1819 die,

62 1849 154 1891 suane
177 1839 276 1891 currat
298 1849 336 1890 an
359 1829 503 1908 Thyestea
524 1830 578 1890 na.

353 1980 529 2043 utuctut

146 2085 238 2163 Fuge,
261 2102 278 2143 o
300 2091 441 2163 paternae
463 2083 568 2145 mortis
590 2084 730 2145 auxilium
753 2083 886 2159 unicum,

61 2170 130 2251 luge
153 2179 182 2230 et
203 2169 342 2230 scelestas
364 2169 494 2231 hostium
516 2170 573 2231 vita
595 2188 710 2232 manus.

60 2274 161 2318 eversa
184 2255 289 2315 domus
312 2262 356 2314 est
377 2250 521 2329 funditus,
544 2273 635 2334 regna
658 2255 807 2316 occidunt.

60 2343 170 2420 hospes
194 2341 260 2418 quis
283 2339 338 2400 iste
360 2339 493 2401 concitos
516 2358 622 2401 currus
645 2337 728 2419 agit?

61 2443 210 2504 germane,
233 2425 331 2485 vultus
352 2433 432 2486 reste
454 2425 576 2486 lurahor
598 2434 675 2487 tuos.
754 2503 757 2507 ⁴

61 2510 142 2590 quid,
164 2510 261 2570 anime
284 2509 416 2583 demens,
439 2508 573 2589 relugis?
607 2520 743 2573 externos
766 2507 874 2572 times?

60 2596 165 2656 domus
187 2595 315 2655 timenda
339 2603 392 2656 est.
438 2612 517 2673 pone
541 2595 598 2656 iam
621 2596 753 2676 trepidos
775 2605 880 2670 metus,

61 2681 180 2742 Oresta:
205 2679 290 2740 amici
312 2680 368 2739 lida
390 2680 536 2759 praesidia
557 2681 667 2744 intuor.

351 2830 562 2893 STROPHIVS

146 2933 275 2995 Phocide
297 2933 399 2994 relicta
422 2932 581 3013 Strophius
602 2933 673 2995 Elea
699 2934 830 2995 inclutus

61 3020 157 3100 palma
180 3029 319 3079 revertor.
366 3036 453 3079 causa
476 3018 610 3079 veniendi
634 3018 689 3079 luit

57 3104 169 3182 gratari
191 3105 296 3180 amico,
319 3103 405 3164 ouius
427 3101 588 3183 impulsum
611 3121 700 3164 manu

61 3189 167 3250 cecidit
189 3189 315 3251 decenni
337 3188 429 3249 Marte
452 3205 632 3249 concussum
653 3188 751 3250 Ilium.

62 3292 207 3353 quaenam
230 3275 285 3334 ista
308 3273 435 3334 lacrimis
458 3273 613 3350 lugubrem
637 3273 749 3334 vultum
773 3274 848 3352 rigat

63 3370 207 3439 pavetque
229 3356 360 3420 maesta?
394 3357 509 3437 regium
532 3375 661 3437 agnosco
684 3376 790 3436 genus.

148 3563 197 3614 896
216 3559 335 3613 dissicere
358 3559 434 3611 codd.
507 3557 556 3608 898
575 3556 645 3622 prius
668 3558 744 3609 codd.
763 3559 885 3608 corre-eit
902 3555 935 3606 ds
950 3556 1136 3608 ‘Wilamowitz

60 3633 111 3683 993
129 3629 198 3680 illinc
216 3628 267 3679 uA
284 3643 355 3678 corr.
373 3632 393 3691 ς
472 3626 523 3678 904
541 3624 655 3694 exanima
674 3626 698 3676 ld
780 3628 829 3677 9117
848 3624 890 3677 hic
908 3627 948 3676 est
965 3625 997 3674 A.
1015 3651 1049 3660 -
1067 3637 1140 3675 soror

62 3701 76 3750 1
86 3715 120 3749 m.
139 3696 209 3748 furor
226 3697 285 3749 2m.
303 3694 328 3745 lt*
397 3697 448 3746 909
465 3706 511 3746 sua
530 3706 577 3743 nec
595 3697 678 3744 curret
693 3694 718 3744 Ε
785 3708 898 3744 scaenae
912 3692 1022 3743 titulus:
1040 3691 1138 3744 Electra

61 3767 169 3832 lugiens.
195 3764 297 3817 Orestes
315 3763 408 3815 tacitus
425 3762 450 3813 11
468 3761 566 3812 Electra
585 3764 609 3811 A
684 3764 732 3814 911
753 3760 835 3828 fugito
854 3759 915 3813 scel.
932 3759 958 3810 h.
976 3760 1044 3812 evita
1061 3776 1095 3811 m.
1114 3761 1138 3810 A

61 3837 111 3887 913
131 3834 246 3886 concitus
267 3832 291 3882 11
312 3833 435 3883 correxit
454 3829 605 3881 Gronovius
629 3830 687 3897 quis
710 3829 759 3881 iste
785 3828 879 3887 celeres
897 3828 1012 3881 concitus
1031 3843 1052 3880 c.
1071 3842 1094 3879 a.
1113 3828 1139 3878 A

62 3905 112 3955 915
131 3915 196 3968 quos
213 3902 248 3955 A.
265 3928 299 3938 -
316 3902 368 3951 ext.
386 3899 453 3966 togis
464 3900 491 3950 A
557 3901 608 3951 918
625 3914 738 3949 scaenae
756 3897 850 3949 utute:
867 3894 1012 3964 Strophius.
1030 3896 1138 3948 Electra.

62 3969 165 4022 Orestes
182 3969 207 4019 E
224 3967 358 4036 Strophius
376 3965 532 4034 (Strophilus
550 3967 579 4031 ς)
595 3965 634 4020 El.
651 3968 676 4018 A
862 3976 864 3981 ·
