2580 4366
403 217 547 262 maerens
563 203 693 281 [ornem]

137 366 196 428 illic
211 365 291 428 nulia
306 374 378 428 noto
393 366 474 429 nulla
488 368 604 432 favonio

137 460 323 532 consurgunt
336 451 457 514 tumidis
470 454 611 517 fluctibus
626 474 771 536 aequora;

136 557 197 599 non
212 536 273 598 illic
288 537 438 615 geminum
454 537 636 618 Tyndaridae
654 559 750 620 genos

135 628 315 685 succurrunt
329 622 438 683 timidis
454 624 548 685 sidera
564 625 702 687 navibus:

134 715 189 770 stat
204 707 290 787 nigro
305 707 428 787 pelagus
443 709 559 788 gurgite
574 709 757 791 languidum,

134 800 163 854 et
177 811 245 853 eum
261 791 341 853 Mors
355 791 445 854 avidis
459 793 566 872 pallida
580 795 719 859 dentibus

136 884 237 956 gentes
251 877 423 939 innumeras
438 877 574 940 manibus
590 880 699 957 intulit,

132 981 193 1024 uno
209 969 251 1023 tot
265 961 370 1042 populi
383 963 496 1042 remige
510 972 674 1028 transeunt

215 1047 342 1109 Evincas
356 1047 468 1109 utinam
484 1047 548 1110 iura
562 1050 642 1112 ferae
657 1050 755 1131 Stygis

132 1130 348 1212 Parcarumque
364 1133 446 1194 colos
461 1151 523 1194 non
538 1134 725 1197 revocabiles.

130 1216 178 1279 hic
192 1217 243 1297 qui
259 1235 311 1278 rex
326 1217 446 1297 populis
460 1217 597 1298 pluribus
611 1221 745 1300 imperat,

129 1301 206 1363 bello
223 1320 290 1364 cum
305 1310 421 1382 peteres
435 1302 607 1366 Nestoream
621 1304 725 1385 Pylon,

129 1396 227 1450 tecum
243 1389 395 1450 conseruit
408 1388 564 1468 pestiferas
578 1407 685 1452 manus

129 1472 220 1535 telum
236 1473 398 1553 tergemina
414 1474 536 1553 cuspide
550 1476 737 1553 praeferens:

130 1558 230 1636 effugit
245 1558 328 1621 tenui
343 1557 465 1620 vulnere
480 1560 599 1621 saucius

129 1654 158 1705 et
171 1643 275 1705 mortis
290 1642 428 1704 dominus
443 1643 596 1724 pertimuit
614 1645 700 1706 mori.

128 1728 219 1788 satum
234 1746 340 1807 rumpe
355 1746 454 1803 manu,
473 1728 607 1790 tristibus
622 1729 725 1792 inieris

128 1821 304 1893 prospectus
319 1821 415 1892 pateat
429 1813 505 1875 lucis
520 1821 550 1874 et
563 1813 660 1875 invius

127 1897 211 1959 limes
226 1898 275 1959 det
288 1897 389 1960 faciles
403 1899 439 1960 ad
453 1916 579 1978 superos
594 1899 662 1961 vias.

183 1968 210 2013 s
212 1983 344 2044 Immites
359 1983 456 2062 potuit
469 1983 588 2044 flectere
603 1983 739 2046 cantibus

127 2068 297 2129 umbramm
313 2068 449 2129 dominos
464 2077 493 2129 et
508 2086 598 2147 prece
612 2069 741 2150 supplici

128 2152 275 2234 Orpheus,
291 2152 459 2233 Eurydicen
474 2153 545 2214 dum
563 2155 671 2233 repetit
685 2171 779 2215 suam.

127 2257 201 2318 quae
216 2238 302 2300 silvas
319 2248 348 2299 et
362 2256 429 2299 ares
444 2256 572 2317 saxaque
586 2245 713 2300 traxerat
712 2298 735 2337 l

127 2342 184 2400 ars,
200 2341 276 2403 quae
291 2322 467 2401 praebuerat
481 2322 656 2385 fluminibus
670 2342 777 2401 moras,

127 2408 162 2469 ad
177 2409 263 2469 cuins
278 2409 409 2470 sonitum
425 2408 618 2470 constiterant
633 2409 721 2485 serae,

126 2493 235 2555 mulcet
250 2511 311 2554 non
328 2493 423 2555 solitis
438 2492 560 2555 vocibus
577 2493 690 2554 inferos

126 2586 154 2639 et
168 2578 266 2640 surdis
280 2588 400 2640 resonat
415 2577 522 2639 clarius
537 2578 569 2638 in
584 2577 667 2639 locis.

125 2663 233 2724 deflent
247 2663 416 2743 Eurydicen
431 2664 448 2726 i
466 2662 619 2725 Threiciae
634 2681 739 2739 nurus,

125 2748 233 2810 deflent
249 2759 278 2810 et
292 2748 421 2809 lacrimis
436 2747 570 2810 difficiles
589 2748 646 2823 dei,

125 2833 219 2912 etqui
233 2833 332 2895 fronte
347 2834 435 2895 nimis
451 2832 574 2894 crimina
591 2832 694 2895 tetrica

124 2927 271 2997 quaerunt
285 2936 319 2979 ae
334 2928 448 2980 veteres
463 2918 617 2980 excutiunt
634 2937 702 2980 reos

123 3003 227 3064 flentes
241 3003 410 3083 Eurydicen
426 3003 544 3064 iuridici
559 3004 671 3065 sedent

122 3088 239 3149 tandem
254 3089 357 3149 mortis
372 3088 413 3149 ait
427 3087 590 3149 ‘vincimur’
607 3088 725 3164 arbiter,

124 3173 221 3234 ‘evade
235 3173 271 3234 ad
285 3191 421 3252 superos,
435 3173 502 3251 lege
515 3181 613 3234 tamen
629 3173 708 3234 data:

121 3265 153 3320 tu
167 3266 236 3339 post
251 3265 332 3338 terga
347 3258 391 3319 tui
406 3276 498 3338 perge
512 3259 566 3319 viri
581 3276 690 3332 comes,

122 3349 154 3404 tu
169 3361 230 3404 non
246 3350 314 3405 ante
329 3351 409 3404 tuam
425 3344 541 3423 respice
556 3343 723 3422 coniugem,

122 3447 209 3508 quam
225 3446 294 3489 cum
309 3428 386 3490 clara
400 3428 472 3488 deos
487 3428 627 3491 obtulerit
641 3428 704 3488 dies

122 3513 320 3594 Spartanique
335 3513 428 3575 aderit
442 3513 529 3575 ianua
544 3507 687 3575 Taenari?

122 3598 183 3660 odit
199 3618 285 3662 verus
299 3617 382 3660 amor
397 3616 453 3659 nec
466 3599 578 3678 patitur
592 3615 704 3659 moras:

77 3697 197 3708 ——-.-

83 3749 128 3801 561
148 3752 246 3815 peteret
263 3747 320 3800 EA
338 3751 475 3816 (peterent)
492 3764 563 3801 corr.
581 3752 601 3813 ς
658 3749 708 3801 566
725 3760 842 3813 rumpere
860 3745 893 3812 E,
909 3748 957 3800 ead
972 3765 1000 3803 re
1017 3751 1068 3804 del.

77 3842 97 3853 -
113 3816 192 3869 tristis
209 3821 235 3869 et
251 3816 339 3870 inieris
356 3817 382 3868 Α
451 3819 498 3870 571
517 3817 607 3884 recipit
622 3814 736 3867 suamA
804 3818 853 3869 577
874 3822 936 3884 poet
952 3821 1002 3872 aad
1018 3836 1068 3886 po-

80 3882 190 3936 A.—E
240 3883 324 3938 dicam
340 3883 416 3938 Ε.-
435 3884 572 3938 Tartareae
590 3898 667 3936 nurus
686 3882 832 3946 Witbofiue
849 3893 976 3953 praenest.
991 3903 1020 3955 p.
1032 3889 1067 3941 55

77 3950 189 4005 menides
230 3953 349 4006 breiciam
367 3968 458 4006 nurum
475 3952 507 4006 B.
525 3951 690 4005 Schmidta'ue
708 3953 761 4005 obe.
780 3954 841 4006 crit.
856 3970 885 4022 p.
903 3953 937 4006 16

833 4054 867 4111 Ἃ*
