2580 4366
133 846 283 918 Norem1)
306 843 435 905 Senecae
461 844 627 922 tragoedias
655 853 723 907 ante
753 845 895 906 extinctas
920 845 1124 912 Romanorum

52 934 161 994 litteras
172 934 196 1006 2)
224 929 291 990 data
317 946 406 1008 opera
431 929 520 989 homo
546 927 653 1008 aliquis
679 948 742 990 non
768 930 905 992 indoctus
927 930 1123 1011 interpolavit.

53 1019 128 1080 idem
143 1014 294 1078 Octaviam
309 1022 527 1093 praetextatam,
542 1013 646 1092 primis
658 1014 823 1076 lllariorum
834 1015 1019 1095 temporibus
1030 1017 1125 1096 scrip-

55 1112 127 1177 tam,
149 1118 256 1163 norem
283 1099 502 1176 tragoediarum
524 1099 643 1178 corpori
672 1099 801 1161 iniunxit
825 1101 990 1180 mutatique
1012 1101 1126 1163 ordinis

55 1188 149 1249 locum
172 1195 278 1248 tenere
298 1183 384 1244 iussit
405 1184 562 1259 nonumi).
607 1183 658 1263 qui
680 1202 747 1244 oum
769 1185 808 1245 ita
831 1203 922 1264 opera
937 1204 990 1247 sua
1003 1187 1126 1246 functus
1222 1191 1225 1198 '

57 1280 138 1345 esset,
161 1280 196 1332 ut
219 1268 299 1330 sanis
321 1268 357 1329 ad
377 1268 532 1330 arbitrium
553 1270 756 1342 commutatis,
778 1270 955 1348 corruptelis
971 1270 1126 1332 temeraria

56 1375 140 1419 manu
164 1353 341 1416 oblitteratis
362 1354 461 1413 limate
482 1353 599 1414 nudem
615 1362 645 1415 et
659 1353 751 1432 polite
765 1353 972 1416 decurrentem
986 1373 1127 1416 versuum

57 1451 224 1503 contextum
235 1437 397 1500 lectoribus
408 1446 601 1516 proponeret,
615 1437 724 1499 lactum
737 1447 838 1512 estut,
855 1440 934 1518 quod
945 1440 1036 1500 latum
1048 1440 1128 1500 inter

42 1596 44 1601 ,
57 1527 215 1605 scriptores
229 1530 343 1584 veteres
359 1541 420 1584 uon
436 1521 547 1584 Seneca
563 1522 634 1587 tulit.
644 1540 734 1595 unus,
750 1523 925 1604 interpolata
942 1524 1031 1584 editio
1050 1523 1127 1584 obti-

58 1619 153 1684 neret,
175 1607 304 1687 genuina
330 1615 444 1667 tantum
478 1626 539 1668 non
561 1608 682 1686 periret.
727 1626 819 1686 quare
840 1617 937 1687 grates
959 1609 994 1670 de
1016 1614 1127 1670 servata

56 1703 158 1776 poetae
172 1712 262 1755 manu
277 1692 430 1754 babendee
444 1701 517 1752 sunt
526 1692 589 1752 viro
601 1692 727 1765 erudito,
740 1693 876 1771 quisquis
890 1692 956 1766 luit,
971 1693 1023 1771 qui
1033 1710 1128 1753 unum

56 1781 160 1841 saltem
171 1796 274 1840 norom
285 1777 501 1856 tragoediarum
513 1777 662 1855 exemplar
672 1777 864 1855 genuinuma
876 1776 1028 1838 communi
1040 1776 1128 1837 exitio

56 1863 219 1925 vindicarit.
263 1880 355 1941 equo
371 1861 465 1922 codex
484 1860 702 1923 Laurentianus
724 1863 775 1934 37,
795 1863 842 1936 ta,
865 1879 954 1940 quem
969 1861 1128 1922 Etruscum

57 1948 202 2029 appellare
223 1955 292 2026 post
306 1946 486 2008 Gronovium
503 1963 682 2009 consuemus
698 1947 758 2022 (E),
779 1945 907 2026 librique
922 1947 1054 2025 pendent
1069 1946 1128 2006 duo

59 2053 131 2114 quos
152 2034 218 2112 ipse
239 2031 360 2112 repperi
384 2039 413 2093 et
434 2031 549 2093 excussi
575 2030 788 2093 Ambrosianus
811 2030 836 2091 l>
858 2033 920 2094 276
941 2031 995 2092 iul.
1018 2030 1076 2107 (M)
1099 2038 1128 2090 et

59 2119 214 2180 Vaticanus
234 2116 284 2177 lat.
308 2117 391 2180 1769
412 2115 477 2191 (N).
521 2115 628 2194 reliqui
648 2117 866 2194 tragoediarum
889 2117 1006 2177 codices
1028 2115 1129 2177 cuncti

61 2203 250 2284 interpolatae
266 2201 404 2263 editionis
418 2200 466 2277 (A)
482 2200 659 2279 exemplaria
675 2208 755 2262 sunt.

141 2291 239 2366 Atque
250 2294 284 2347 ut
293 2287 421 2366 primum
436 2284 599 2363 vulgarium
615 2285 758 2346 librorum
772 2286 859 2347 iidem
871 2285 994 2347 strictim
1008 2318 1049 2330 -—
1060 2302 1129 2346 nam

59 2373 103 2434 vir
118 2382 186 2452 eget
200 2389 289 2432 causa
302 2370 401 2432 verbis
414 2404 457 2416 -
472 2370 507 2430 ad
523 2370 641 2431 Etrusci
662 2371 750 2431 tidem
766 2371 925 2447 exigamus,
941 2389 1002 2430 non
1017 2369 1130 2448 ubique

10 2510 12 2516 ,
59 2458 88 2518 iu
109 2458 257 2519 librorum
277 2455 363 2517 tur'ba
377 2455 484 2517 veteris
504 2454 725 2533 interpolatoris
746 2455 903 2516 lectionem
918 2455 1062 2533 integram
1078 2472 1131 2533 ap-

61 2561 162 2621 parere
178 2549 410 2602 consentaneum
426 2548 487 2614 est;
503 2539 622 2600 illorum
638 2540 717 2601 enim
732 2557 837 2617 magna
852 2558 922 2618 pars
936 2546 987 2602 aut
1001 2538 1130 2600 novicios

60 2627 168 2706 passim
183 2626 323 2687 Italorum
339 2633 524 2686 correcturas
538 2631 590 2685 aut
604 2624 736 2702 singulas
747 2625 866 2685 Etrusci
881 2625 1042 2705 scripturas
1057 2641 1130 2702 qua·

61 2730 187 2790 cumque
208 2710 252 2771 via
268 2710 410 2771 derivatas
420 2710 451 2770 in
463 2727 496 2770 se
508 2717 695 2789 receperunt,
711 2728 779 2771 cum
792 2709 904 2770 interea
914 2716 1026 2771 vetusta
1037 2708 1132 2769 inter-

62 2797 169 2875 polatio
190 2794 317 2856 subinde
338 2802 506 2874 temporum
528 2793 636 2855 iniuria
654 2795 685 2854 in
706 2794 792 2873 peius
814 2793 916 2856 abiret.
960 2801 989 2854 at
1010 2790 1131 2872 perraro

62 2880 166 2942 accidit
186 2889 220 2941 ut
241 2878 359 2940 dillicile
382 2880 421 2940 sit
440 2878 548 2940 veteris
568 2879 788 2958 interpolatoris
802 2897 818 2939 a
834 2878 1004 2940 recentibus
1019 2878 1131 2939 discer-

64 2965 150 3027 nendi
173 2964 337 3043 negotium.
373 2964 422 3025 ille
443 2964 534 3041 igitur
554 2963 731 3044 plerumque
752 2964 824 3024 artis
845 2963 926 3042 leges
941 2963 1132 3039 Senecasque

13 2978 17 3121 i
63 3068 172 3110 morem
187 3057 247 3109 tam
263 3048 357 3128 perite
372 3057 492 3110 secutus
507 3057 562 3121 est,
585 3057 627 3120 ut,
644 3049 702 3109 nisi
715 3050 784 3109 lons
798 3066 892 3127 purus
907 3055 1031 3127 pateret,
1047 3044 1133 3106 nobis

14 3136 17 3149 '
64 3153 121 3195 nou
145 3135 246 3195 minus
268 3151 355 3212 quam
372 3133 480 3214 Lipsiis
502 3141 531 3194 et
545 3133 702 3211 Scaligeris
717 3151 819 3196 versus
834 3133 920 3194 solidi
935 3131 1082 3192 dimidiive
1097 3128 1132 3190 ab

16 3312 19 3329 ‚
132 3266 152 3329 ι)
170 3265 201 3318 de
225 3264 386 3319 recensendis
404 3265 515 3319 Senecae
540 3265 676 3333 tragoediis
700 3265 807 3319 disserui
830 3266 855 3316 in
873 3265 980 3318 Hermae
998 3265 1049 3316 rol.
1066 3264 1090 3316 X
1106 3280 1133 3344 p.

64 3337 112 3387 tta
126 3349 166 3400 sq.
183 3333 224 3385 ubi
243 3337 395 3400 quaerente
412 3332 541 3402 disputata
558 3339 618 3386 sunt
636 3349 664 3386 ea
683 3340 783 3402 praeter
799 3333 934 3386 minutiora
949 3331 1075 3399 quaedam
1093 3332 1134 3384 luc

65 3406 177 3468 repetere
195 3401 278 3453 visum
298 3405 345 3454 est.

129 3469 151 3534 ²)
169 3468 201 3521 ol.
218 3469 331 3521 llicbteri
348 3473 375 3522 et
391 3467 491 3535 Peiperi
508 3468 587 3536 prael.
604 3484 629 3536 p.
640 3467 683 3521 lV.
693 3467 798 3521 Usener.
816 3468 842 3519 in
859 3467 924 3522 lllus.
940 3467 1020 3522 Rhea.
1030 3465 1134 3521 xxviii

19 3568 22 3625 3
67 3552 89 3602 p.
106 3539 164 3590 391.
198 3535 353 3589 llabrucker.
371 3541 469 3604 quaest.
488 3537 617 3588 Annaean.
635 3552 661 3603 p.
680 3539 704 3590 l.

19 3630 23 3667 r
131 3605 152 3665 ³)
171 3603 280 3656 eundem
299 3605 342 3671 qui
360 3620 451 3657 novem
464 3604 609 3671 tragoedias
620 3603 784 3670 interpolavit
793 3602 924 3657 Octaviam
936 3603 987 3655 illis
999 3602 1135 3655 inseruisse

20 3682 22 3705 ²
68 3672 229 3736 probabiliter
246 3672 385 3725 coniecisse
403 3671 464 3724 mibi
481 3673 577 3724 videor.
608 3687 655 3724 nec
671 3671 755 3724 minas
772 3672 910 3725 verisimile
927 3677 966 3724 est
983 3676 1012 3721 ut
1024 3671 1135 3737 reliquas

69 3737 193 3792 Octaviam
204 3755 308 3807 qnoque
318 3740 350 3790 ab
362 3740 406 3793 illo
415 3744 595 3809 pertractatam
607 3745 634 3792 et
644 3740 750 3808 politam
762 3755 818 3793 esse
828 3740 871 3806 (cl.
880 3741 962 3792 Herm.
971 3739 989 3790 l.
998 3753 1020 3789 s.
1030 3753 1056 3804 p.
1066 3740 1135 3804 abab

20 3800 23 3863 l
68 3821 217 3875 quamquam
235 3811 383 3874 argumenta
401 3824 466 3875 qnae
484 3807 516 3860 ad
533 3809 724 3876 persuasionem
743 3807 871 3862 sufficiant
887 3823 939 3861 non
957 3805 1038 3858 attuli.

21 3896 24 3969 l
115 3899 157 3943 Leo
171 3899 198 3944 de
212 3900 307 3944 &necea
320 3901 446 3953 tragoediis.
919 3897 935 3946 l

10 4074 25 4145 l,
