2580 4366
422 216 460 256 DE
482 214 643 257 antoanam
665 214 834 256 narramus.

298 367 373 446 cuod
389 368 505 446 penitus
526 376 621 427 actum
643 383 708 426 cum
728 369 874 444 recepisset
895 364 992 436 libens,

299 456 372 513 ensis
392 450 479 513 senili
497 453 587 511 siccm
608 469 623 510 e
643 450 742 529 lupulo
764 450 845 511 redit.

135 552 155 605 ct
170 548 194 610 in
211 553 300 614 eadem
323 571 356 614 re
377 556 431 633 Ag.
455 553 517 615 656

299 657 361 719 nidi
381 655 538 716 aidi-senis
559 656 591 713 in
613 651 710 732 lupulo

300 739 386 801 talum
410 736 518 818 Pyrrhi
537 742 590 800 ciac
614 741 718 816 empna

297 827 438 904 scapulae
459 827 562 902 tiupui.

134 914 187 978 nihil
196 941 222 984 ea
232 925 264 986 de
276 943 308 986 re
319 925 467 1004 Vergilius
478 925 509 985 in
521 922 624 984 mortis
636 922 745 985 Priami
757 923 955 1002 descriptione
966 922 1013 999 (11,
1027 927 1088 987 550
1102 932 1169 1004 sep),

131 1000 169 1060 sed
186 1005 255 1071 000.
278 1009 355 1085 11111,
378 1011 440 1074 408

301 1115 492 1191 manumque
512 1116 587 1173 senis
610 1109 725 1171 Priami
744 1109 821 1172 Ionis
843 1129 896 1171 ara
919 1127 1051 1171 mucram

302 1195 527 1272 camaracense)

193 1277 261 1340 idem
291 1281 372 1359 quod
401 1281 437 1341 de
459 1280 587 1360 Vergilio
610 1278 697 1341 etiam
720 1279 756 1341 de
779 1278 882 1341 Ouidio
904 1280 980 1341 valet
1002 1298 1090 1359 quem
1112 1280 1173 1340 ire·

123 1366 235 1440 0000100,
257 1382 291 1426 uc
305 1365 414 1445 passim
429 1365 642 1439 adnotavimus,
657 1372 686 1425 et
703 1363 734 1424 in
751 1363 793 1424 eis
808 1382 928 1444 quoque
943 1364 1016 1425 locis
1031 1364 1175 1444 expressit

120 1450 185 1510 ‘luas
196 1457 273 1528 pater
288 1451 391 1512 adfert.
424 1449 579 1529 praeteriri
600 1449 658 1510 hoc
680 1449 745 1509 loco
770 1449 881 1526 nequit,
906 1449 1009 1511 Scauri
1031 1449 1172 1511 iudicium

118 1518 253 1596 ί10001011
279 1535 345 1596 laco
369 1534 543 1610 centulli,
567 1537 603 1609 d,
628 1535 665 1597 17
690 1532 784 1595 adlato
806 1533 950 1595 Senecam
971 1533 1063 1595 videri
1087 1552 1174 1595 suum

113 1601 216 1694 fecisse,
238 1626 272 1680 ut
292 1619 345 1699 qni
365 1619 435 1680 Tro.
452 1621 513 1683 955
536 1618 663 1681 eundem
685 1637 805 1687 sensum
829 1618 942 1680 dederit
963 1619 1015 1680 sed
1038 1637 1099 1679 non
1121 1636 1176 1697 per

111 1695 302 1766 1010010100
332 1704 459 1765 eundem
488 1710 679 1784 persecutns,
713 1703 743 1763 id
776 1702 857 1783 quod
884 1703 918 1763 D.
948 1702 1087 1764 Heinsius
1116 1703 1174 1779 (ed.

105 1772 228 1849 Sericas.
256 1808 287 1869 p.
310 1791 386 1866 287)
416 1788 509 1868 probe
530 1788 684 1850 intellexit.
727 1787 819 1848 iilinm
849 1795 947 1849 tanam
976 1806 1037 1848 non
1066 1786 1176 1865 ubique

107 1871 198 1937 Patris
217 1874 261 1936 rel
283 1883 439 1936 anctorum
462 1875 526 1935 eius
548 1872 665 1935 indiciis
686 1891 718 1933 se
740 1870 930 1933 adstrinxisse
952 1880 981 1932 et
1004 1871 1127 1932 vidimus
1149 1883 1177 1933 et

105 1940 286 2020 luculentum
303 1959 469 2038 exemplum
485 1958 559 2020 addo
575 1965 670 2019 nonu.
686 1956 747 2032 Vll,
763 1961 793 2027 4,
809 1958 828 2020 9
850 1969 876 2019 et
893 1957 974 2017 illam
988 1957 1175 2035 falsissimam

108 2033 284 2105 (sentenciam
306 2043 406 2106 Festus
428 2044 514 2117 discit)
536 2048 569 2105 iu
596 2061 681 2122 quam
709 2042 796 2103 multi
816 2042 962 2103 incidunt:
988 2053 1107 2122 propter
1127 2041 1177 2103 lac

109 2120 209 2200 ²‘parm
229 2132 332 2209 inquit,
354 2133 446 2208 mapis
459 2129 563 2206 flebilis
577 2139 627 2202 est,
642 2128 716 2207 quad
729 2145 788 2188 000
798 2138 890 2206 polest
904 2127 983 2204 llere.
1013 2138 1040 2187 el
1055 2130 1177 2188 iterum:

113 2197 246 2288 bainam,
269 2217 373 2294 inquit,
394 2218 485 2275 matri
505 2215 614 2288 desunt,
636 2231 737 2274 causae
752 2224 920 2290 supersum
943 2223 1090 2292 tamquam
1104 2216 1179 2273 caeci

117 2288 182 2381 {lere
203 2317 259 2360 uon
279 2299 397 2360 soleant.
441 2298 472 2358 in
490 2293 689 2359 ‘falsissimam
712 2292 899 2359 sententiam'
924 2296 1037 2359 Seneca
1058 2314 1177 2376 000000

120 2376 211 2443 incidit
227 2383 341 2444 Phoen.
363 2384 426 2446 230
735 2380 737 2385 ’

564 2478 664 2528 cuncta
686 2484 748 2527 sors
769 2465 842 2527 milti
861 2468 968 2546 infesta
990 2465 1116 2540 adstulit,

308 2551 445 2613 10000000
465 2563 648 2631 supererant:
669 2551 720 2612 las
742 2569 850 2631 000000
871 2555 977 2630 crepuit
998 2551 1077 2612 mili.

132 2638 236 2795 l{gilithpo
257 2651 296 2712 ci.
318 2651 447 2714 Pedonis
468 2652 642 2713 Albinovani
667 2670 784 2713 versum
811 2670 898 2730 quem
921 2651 1032 2712 Seneca
1055 2670 1133 2714 snas.
1157 2651 1179 2727 1,

181 2748 195 2790 a
221 2746 265 2798 ert
286 2738 349 2799 v.3
711 2765 712 2768 ¹

307 2839 363 2901 per
383 2840 444 2882 uon
465 2839 606 2883 cancusas
626 2823 747 2883 audaces
767 2825 811 2882 irc
832 2821 960 2883 tenebras

132 2902 246 2967 01111111.
271 2907 334 2969 552

313 3010 369 3071 000
390 3008 438 3070 spe
455 2995 624 3071 praecipites
645 3001 724 3052 actus
748 2992 786 3052 ad
806 2992 916 3073 inferas

313 3076 413 3137 audac
435 3079 478 3137 ire
498 3080 561 3138 aias
582 3074 777 3138 inremeabiles

314 3161 413 3222 vidisti
423 3161 461 3236 ¹³)
482 3158 594 3222 Siculae
615 3179 704 3239 rauna
722 3158 933 3240 Proserpinae?

137 3243 316 3270 χ.-

192 3321 232 3400 .ξο
248 3325 286 3377 sic
302 3326 468 3394 explicandas
485 3341 560 3394 qoem
579 3325 639 3379 inde
651 3341 665 3377 a
676 3325 765 3378 Servio
775 3341 827 3379 non
842 3332 910 3378 recte
922 3328 1044 3391 ceperunt
1055 3323 1103 3374 viri
1114 3323 1184 3377 docti

138 3372 221 3502 {mlta
229 3407 316 3446 vasus
333 3395 363 3459 11,
373 3397 423 3448 662
436 3398 545 3460 iamque
557 3395 645 3446 aderit
655 3395 739 3445 mullo
750 3395 853 3445 Priami
864 3394 896 3444 tle
907 3394 1041 3457 sanguiue
1052 3392 1182 3460 Ppmlue.

145 3511 150 3524 ,
192 3464 255 3512 eut
270 3460 341 3528 quod
352 3461 458 3515 Ovidius
475 3462 538 3514 dixit
555 3469 616 3515 met.
626 3461 751 3526 Vltaaa:
769 3464 898 3525 (uictima)
914 3465 1014 3525 aalma
1027 3463 1112 3512 linuit
1123 3464 1183 3511 sub-

141 3520 204 3572 ¹⁸⁸l⁰t
220 3531 351 3594 caurum
374 3530 490 3597 mitrae,
522 3530 591 3599 qnod
614 3529 777 3582 obversatum
800 3528 901 3581 videtur
923 3527 1036 3580 Senecae
1064 3529 1184 3581 scribenti

139 3573 237 3648 neam
253 3597 333 3648 leuues
349 3601 449 3665 mgna
464 3613 562 3664 panea
574 3598 825 3649 maculanturialue
837 3598 929 3659 imore,
946 3595 993 3646 scel
1007 3612 1099 3648 verm
1111 3603 1184 3648 retra

141 3657 180 3732 Μ,
192 3671 233 3712 era
247 3665 346 3717 multae
362 3671 474 3730 000000
492 3673 572 3733 atque
589 3667 679 3717 omclos
700 3665 777 3717 radit.
808 3665 840 3717 ci.
859 3664 934 3732 Prop.
952 3664 995 3729 111,
1015 3668 1054 3728 16,
1074 3668 1105 3718 te
1123 3681 1185 3716 cau-

140 3724 206 3776 Μσ
220 3735 269 3783 tam
282 3749 370 3801 paruo
388 3738 448 3801 quie
465 3738 535 3786 caim
545 3741 690 3801 spargatur
702 3737 840 3785 amantis?
860 3733 953 3786 Lucan.
961 3732 989 3798 11,
1004 3735 1051 3786 128
1069 3748 1183 3798 paruum

140 3783 179 3834 ’κ
191 3790 250 3851 lma
264 3807 383 3854 samaim
400 3805 543 3868 sanguinis
560 3802 657 3866 effudit
673 3803 768 3868 iugula
786 3803 952 3867 flammisque
969 3804 1097 3867 peporcit.

144 3910 149 3922 .
197 3862 239 3936 ‚¹¹l
252 3866 299 3921 init
315 3884 374 3923 cam
391 3874 477 3922 0000·
493 3871 637 3923 necessario
654 3870 774 3922 ducerem
793 3869 954 3923 scribendam
978 3883 1050 3933 esse,
1074 3871 1104 3919 ut
1121 3872 1185 3933 000.

142 3925 184 3970 ¹¹⁶·
196 3939 238 3986 nc,
252 3935 299 4005 100.
318 3938 365 3991 tet
384 3954 409 3991 v.
427 3941 478 3993 240
496 3953 627 4006 quaenam
646 3944 671 3989 te
688 3937 816 4004 adigunt,
835 3941 942 4005 nospes,
959 3943 1058 4002 010000
1077 3938 1185 4001 capacia
