2580 4366
552 231 671 275 uertunt

203 380 327 442 flammis
349 390 462 443 vestros
484 382 591 445 obruet
611 383 696 461 ignes

204 465 311 544 quibus
334 465 456 527 extinxit
477 467 601 529 fulmina
623 486 711 547 saepe

203 559 380 630 captumque
402 551 499 613 lovem
521 552 601 614 eaelo
622 554 719 614 traxit.

202 636 281 697 laeso
303 635 403 697 tristes
424 636 529 698 dabitis
551 656 662 718 poenas

202 721 346 800 sanguine
367 729 474 782 vestro.
518 741 579 783 non
603 733 647 783 est
668 723 783 802 patiens

201 806 328 866 fervidus
350 805 411 866 irae
432 806 587 886 tacitisque
608 807 685 886 regi:

199 890 248 951 ille
271 891 397 952 ferocem
421 890 507 954 iussit
529 891 672 973 Achillem

201 974 321 1054 pulsare
343 976 445 1054 lyram,
467 976 555 1056 fregit
577 976 702 1053 Danaos,

198 1059 286 1137 tregit
308 1060 447 1137 Atriden,
470 1079 561 1141 regna
584 1061 687 1123 evertit

198 1144 315 1217 Priami,
339 1144 431 1207 claras
452 1145 543 1208 diruit
565 1147 669 1220 urbes;

198 1238 227 1289 et
249 1249 331 1291 nune
352 1231 468 1292 animus
491 1231 561 1311 quid
584 1233 659 1294 ferat
679 1232 782 1294 horret

196 1314 239 1375 vis
260 1315 379 1376 immitis
402 1315 527 1378 violenta
550 1316 606 1379 dei.

154 1565 177 1625 Ο
200 1566 279 1627 lenta
303 1565 425 1628 nimium
448 1568 551 1630 militis
573 1569 667 1630 nostri
689 1587 795 1630 manus

14 1714 17 1721 ,
65 1661 96 1711 et
118 1649 160 1711 ira
183 1649 298 1730 patiens
321 1661 390 1730 post
410 1653 492 1714 nefas
514 1661 627 1714 tantum
650 1671 724 1725 mea,

65 1735 145 1815 quud
168 1754 228 1796 non
253 1754 342 1797 cruor
364 1737 457 1798 uirilis
478 1756 618 1799 accensas
639 1738 717 1799 faees

31 1849 41 1876 t
65 1820 212 1899 extinguit
235 1819 266 1881 in
290 1839 355 1896 nos,
377 1823 467 1884 eaede
490 1841 546 1884 nee
567 1823 671 1902 popuii
693 1823 790 1884 madet

63 1906 185 1966 funerea
208 1905 300 1967 Roma
324 1925 399 1986 quae
422 1908 500 1968 viros
522 1907 594 1969 tales
617 1907 691 1969 tuiit.

62 1990 189 2052 admissa
211 1991 262 2051 sed
286 1990 341 2052 iam
365 2000 460 2053 morte
482 1991 583 2073 puniri
605 2011 710 2073 parum
734 2000 796 2054 esta

63 2074 195 2153 graviora
218 2076 327 2136 meruit
349 2076 473 2155 impium
495 2077 592 2158 plebis
614 2077 727 2153 seelus;

63 2169 93 2220 at
115 2159 173 2234 illa,
196 2160 245 2220 eui
267 2179 314 2222 me
336 2161 443 2223 civium
466 2161 689 2239 subiciantur,

62 2253 199 2323 suspecta
223 2245 354 2308 coniunx
376 2255 405 2307 et
426 2266 513 2309 soror
534 2266 651 2328 semper
674 2248 756 2321 mihi,

61 2330 180 2392 tandem
203 2329 297 2392 dolori
320 2330 460 2411 spiritum
481 2333 583 2394 reddat
604 2351 671 2394 meu

60 2414 195 2494 iramque
217 2423 347 2478 nestram
369 2417 515 2496 sanguine
537 2416 689 2497 extinguat
710 2436 775 2479 suo.

60 2518 129 2560 mox
152 2510 228 2562 tecta
248 2500 373 2564 flammis
395 2504 553 2566 concidant
574 2503 656 2584 urbis
678 2504 762 2577 meis,

59 2584 145 2663 ignes
168 2585 272 2647 ruinae
287 2578 416 2656 'noxium
440 2589 586 2669 populum
609 2595 744 2669 premant

59 2670 216 2750 turpisque
239 2681 361 2748 egestas,
384 2689 467 2733 saeva
490 2692 557 2734 eum
580 2673 662 2734 tuctu
685 2675 786 2734 fames.

59 2755 185 2817 exsultat
207 2755 313 2832 ingens
334 2755 444 2817 saeculi
468 2757 562 2818 nostri
583 2756 671 2818 honis

59 2849 198 2919 corrupta
222 2838 307 2901 turha
331 2860 386 2902 nee
408 2842 486 2921 capit
509 2841 694 2903 clementiam

57 2925 172 3002 ingrata
195 2936 326 2986 nostram
349 2926 427 2987 terre
450 2944 505 2987 nee
526 2945 629 3007 pacem
652 2934 759 3006 petest,

56 3010 108 3070 sed
131 3008 262 3088 inquieta
284 3011 400 3090 rapitur
421 3011 491 3072 hine
513 3010 643 3088 audacia,

56 3093 127 3155 hine
149 3095 312 3156 temeritate
334 3097 428 3158 tertur
451 3096 482 3158 iu
505 3115 647 3176 praeceps
670 3115 738 3158 sua:

54 3179 140 3240 malis
163 3180 308 3241 demanda
331 3190 376 3243 est
397 3190 426 3242 et
448 3182 527 3259 gravi
551 3199 669 3261 semper
690 3181 761 3258 iuge

54 3264 225 3344 premenda,
248 3283 287 3326 ne
309 3265 380 3345 quid
403 3265 498 3328 simile
520 3274 664 3345 temptare
686 3266 793 3328 audeat

54 3361 218 3428 neutraque
239 3361 357 3412 sanatos
380 3350 516 3429 coniugis
538 3351 636 3413 vultus
658 3370 740 3412 meae

54 3435 190 3498 attollere
212 3435 333 3510 ocutos3
355 3438 446 3497 tracta
470 3455 524 3516 per
546 3454 657 3516 poenas
679 3446 761 3497 metu

56 3553 259 3566 ——-—--

139 3622 189 3673 809
207 3618 264 3685 quis
273 3618 373 3670 ΣΦΗΙ
382 3623 482 3684 eorm&
534 3622 582 3672 stt
600 3619 663 3672 laesi
682 3621 757 3672 codd.
776 3620 897 3672 correxit
914 3619 1028 3670 Bottiaia
1080 3621 1129 3672 812

51 3705 72 3742 s.
91 3704 117 3740 v.
134 3693 305 3752 menometer,
324 3688 418 3739 deinde
436 3688 544 3739 dimetri
560 3688 598 3739 ad
614 3704 638 3739 u.
656 3688 707 3740 817
724 3688 819 3750 claras,
837 3686 951 3752 denique
967 3693 1130 3739 manamaur

51 3757 87 3814 td.
105 3759 141 3820 u.)
160 3761 186 3806 et
204 3756 256 3806 dno
275 3755 384 3806 dimetri
400 3756 476 3808 codd.
529 3758 578 3808 815
597 3771 688 3808 souare
702 3757 719 3807 l.
736 3759 761 3805 Σ
812 3757 863 3808 820
880 3758 961 3807 inser.
978 3754 1054 3806 Nero.
1073 3771 1130 3823 pre·

51 3826 135 3877 sectus
154 3823 174 3874 0
192 3822 259 3874 Nero
277 3822 335 3874 ralt.
393 3824 440 3875 stt
461 3823 875 3886 n.t.thantumnesas2‹1›tI
933 3826 983 3877 822
1001 3823 1062 3890 quid
1081 3823 1129 3875 Φι

51 3895 102 3946 824
120 3892 222 3942 funerea
241 3890 300 3954 ΜΟ]
319 3891 405 3943 iuuere
424 3889 478 3941 ΝΠΙ
497 3893 598 3945 runesn
617 3891 664 3943 ut
739 3894 787 3944 827
806 3897 833 3944 et
850 3891 893 3943 itta
912 3892 988 3944 redd.
1007 3894 1129 3944 correxit

49 3960 172 4013 Boetius.
189 3987 223 3994 —-
240 3959 348 4012 subiecit
366 3959 436 4011 ‹IJLO
505 3962 555 4013 840
573 3976 599 4026 p.
617 3966 656 4012 est
674 3974 706 4011 ne
723 3959 809 4012 20112
914 3985 919 3990 ·
