2602 4380
474 814 805 898 Panuunudo

189 1069 368 1130 [iuratione
391 1086 478 1149 quam
501 1071 532 1131 in
554 1072 745 1133 recensendis
759 1070 889 1132 Senecae
913 1070 1072 1151 tragoediis
1094 1088 1180 1136 secu·
1256 1123 1260 1130 .

104 1163 151 1216 tus
167 1155 232 1228 sim,
256 1154 325 1215 satis
342 1154 507 1233 expositum
523 1163 568 1216 est
583 1157 614 1216 iu
629 1157 730 1236 priore
749 1156 839 1217 huius
862 1156 998 1218 editionis
1021 1158 1178 1221 volumine.

104 1248 219 1301 constat
239 1249 353 1312 autem,
385 1247 418 1300 ut
439 1257 582 1302 summam
605 1242 648 1302 rei
678 1241 786 1303 iterum
813 1241 1027 1321 perstringam,
1057 1236 1180 1306 u'uicum

103 1325 328 1387 constituendae
351 1325 486 1386 lectionis
508 1326 662 1388 universae
684 1327 909 1388 fundamentum
933 1345 998 1388 esse
1016 1327 1180 1391 Etruscum

103 1410 235 1471 codicem
265 1411 284 1474 i.
308 1428 334 1470 e.
357 1410 588 1474 Laurentianum
611 1413 700 1487 37‚o
727 1429 803 1472 saec.
826 1428 933 1473 xr-xu
961 1412 1027 1487 (Ε),
1057 1414 1179 1476 unicum

105 1495 226 1572 genuini
248 1495 466 1573 tragoediarum
490 1495 624 1575 corporis
648 1496 813 1575 exemplam
838 1513 898 1557 nou
927 1497 1027 1558 minus
1057 1508 1180 1574 constat,

105 1579 284 1658 ubicumque
315 1580 352 1641 de
381 1580 499 1642 Etrusci
531 1581 680 1660 scriptura
701 1581 849 1642 dubitatio
871 1581 953 1642 nulla
976 1591 1038 1656 est,
1068 1583 1181 1645 nullius

105 1682 177 1726 usus
200 1683 265 1726 esse
287 1665 449 1746 apographi
465 1668 515 1740 (Σ)
539 1665 670 1744 germina
686 1665 818 1726 codicem
834 1665 1061 1728 Ambrosianum
1076 1667 1100 1727 ll
1116 1669 1180 1732 276

104 1751 156 1811 inl.
181 1749 240 1828 (Μ)
265 1759 294 1811 et
317 1750 488 1811 Vaticanum
515 1752 596 1814 1769
612 1749 676 1823 (Ν).
707 1750 743 1810 ad
763 1750 923 1811 Etruscum
945 1768 1014 1812 vero
1036 1751 1181 1814 accedunt

105 1835 233 1914 primum
256 1836 287 1897 in
310 1835 458 1897 Troadum
481 1835 600 1897 Medeae
623 1833 729 1914 Oedipi
751 1835 864 1914 aliquot
891 1835 1014 1897 canticis
1043 1845 1180 1917 excerpta

104 1920 214 1981 codicis
229 1920 363 1982 'l'buauei
379 1939 456 1982 saec.
472 1939 545 1982 rii-x
561 1919 650 1997 (Tb),
673 1921 926 1999 quae‘secundum
939 1919 1093 1982 'lluebueri
1107 1932 1179 2002 apo-

105 2006 250 2084 graphum
273 2026 289 2066 a
311 2005 436 2085 Peipcro
460 2015 489 2066 et
509 2005 648 2067 Richtero
671 2003 854 2086 publicatum
875 2007 980 2087 (prael.
997 2026 1026 2086 p.
1041 2014 1107 2068 xxiv
1116 2009 1180 2087 sq.)

105 2101 163 2153 eta
179 2090 266 2152 nobis
281 2091 390 2152 iterum
406 2109 474 2152 cum
490 2091 591 2152 codice
606 2091 755 2152 conlatum
769 2091 847 2153 inira
865 2099 1051 2172 repetemus;
1073 2092 1180 2154 deinde

105 2176 135 2237 in
157 2175 278 2237 Medeae
301 2184 330 2237 et
352 2176 458 2256 Oedipi
481 2176 614 2238 versibus
632 2193 698 2236 ‘nou
722 2176 821 2237 multis
849 2177 1012 2256 fragmenta
1032 2177 1178 2258 rescripta

106 2261 296 2322 Ambrosiana
319 2259 381 2338 (ll),
405 2278 533 2340 quorum
556 2261 718 2341 scripturas
740 2261 881 2340 quasdam
904 2263 1018 2343 primus
1041 2262 1180 2326 indicavit

105 2344 294 2418 Ritschelius‚
316 2365 372 2406 nos
395 2346 513 2425 plenam
529 2347 663 2408 notitiam
679 2346 813 2409 dabimus
836 2346 1017 2409 Guilelmi
1033 2347 1179 2410 ‘Stude-

105 2449 160 2492 mu
169 2451 188 2492 n
197 2432 215 2491 d
231 2431 374 2492 beneficio
387 2431 509 2510 insigni.
536 2432 621 2493 cuius
635 2449 703 2511 erga
716 2432 858 2494 Senecam
871 2433 994 2513 eiusque
1011 2442 1039 2495 et
1053 2433 1179 2497 lectores

106 2516 297 2577 et‘editorem
321 2523 380 2577 tam
402 2529 552 2597 propensa
573 2515 709 2579 voluntas
732 2528 802 2591 erat,
824 2526 859 2579 ut
875 2519 1007 2580 solidum
1030 2519 1178 2598 fragmen·

105 2609 201 2662 torum
226 2601 345 2662 illorum
367 2602 573 2682 apographum
588 2620 640 2663 soa
656 2618 755 2676 manu,
778 2602 807 2663 id
823 2611 868 2664 est
882 2604 986 2665 barum
1002 2620 1103 2665 rerum
1118 2605 1179 2665 boc

106 2705 174 2748 aevo
199 2686 385 2765 peritissima,
409 2689 577 2748 conlectum
600 2686 705 2748 litteris
720 2687 866 2750 insereret
881 2690 916 2750 ad
932 2708 978 2750 me
994 2689 1080 2764 datis3
1098 2700 1178 2768 ‘quas

106 2771 174 2832 item
198 2772 268 2832 buic
290 2771 465 2850 praelationi
487 2771 635 2833 subiectas
657 2771 798 2833 invenies.

191 2855 309 2934 Reliqui
332 2857 465 2925 codices,
497 2873 625 2936 quorum
653 2856 754 2919 nullus
783 2858 873 2919 altera
895 2857 1005 2919 saeculi
1027 2874 1074 2918 xiv
1096 2865 1179 2936 parte

107 2942 247 3002 vetustior
271 2948 324 3013 est,
349 2959 453 3003 omnes
475 2943 510 3003 ad
534 2943 683 3022 exemplar
697 2942 733 3002 ab
748 2943 870 3022 antiquo
887 2941 1099 3020 interpolatore
1107 2941 1178 3001 data

106 3044 194 3106 opera
224 3034 431 3106 pertractatum
461 3028 596 3089 redeunt.
641 3026 861 3107 interpolatoris
890 3025 976 3087 istius
1006 3026 1177 3099 lectionem,

107 3129 168 3172 non
191 3120 338 3191 receptam
362 3111 488 3191 aliquam
511 3119 541 3173 et
562 3113 717 3193 vulgatam,
739 3111 835 3172 littera
849 3111 874 3171 A
888 3110 1058 3188 significavi.
1082 3121 1177 3188 *quum

107 3206 185 3257 certa
213 3197 327 3257 ratione
357 3196 539 3258 constituere
568 3209 628 3258 non
658 3195 769 3275 ubique
799 3194 947 3258 concessit
965 3193 1104 3254 'codicum
1127 3192 1178 3255 de·

106 3281 249 3341 aeriorum
279 3272 431 3353 condicio,
462 3289 495 3341 ut
525 3282 576 3361 qui
604 3281 759 3343 maximum
788 3287 902 3361 partem
929 3285 959 3338 et
982 3296 1022 3338 ex
1051 3277 1177 3340 Etrusco

107 3365 230 3445 eiusque
258 3365 365 3427 lamilia
397 3367 523 3426 correcti
552 3373 581 3426 et
605 3366 749 3428 'italorum
779 3362 958 3427 coniecturis
988 3361 1089 3425 inlecti
1114 3380 1177 3427 uon

106 3469 211 3529 puram
226 3451 389 3531 antiquitus
406 3450 598 3530 interpolatae
618 3450 754 3511 lectionis
770 3449 926 3528 imaginem
943 3446 1075 3508 reddant.
1105 3461 1176 3531 ergo

107 3549 174 3596 cum
198 3536 340 3615 inspectis
362 3534 513 3616 plerisque
536 3535 599 3596 eius
621 3536 739 3614 generis
752 3535 785 3598 in
799 3533 883 3596 ltalia
893 3530 1049 3594 codicibus
1060 3546 1177 3615 ‘cogno-

106 3620 221 3695 vissem‚
246 3641 283 3682 ne
305 3640 411 3701 magno
434 3620 553 3700 quidem
576 3637 701 3681 numero
723 3621 841 3682 illorum
857 3634 981 3678 excusso
996 3618 1122 3682 multum
1142 3620 1177 3682 ad

107 3707 327 3786 interpolatoris
349 3725 469 3768 manum
498 3704 608 3768 certius
636 3723 725 3785 quam
747 3723 828 3769 nuuc
854 3717 974 3781 quoque
995 3704 1058 3765 fieri
1080 3711 1178 3787 potest

107 3793 364 3854 demonstrandam
384 3794 549 3872 protectum
571 3790 732 3869 iriaeque
752 3792 784 3853 in
805 3807 840 3850 eo
863 3785 1021 3866 quicquam
1045 3789 1178 3852 utilitatis

107 3878 233 3939 viderem
257 3884 290 3938 ut
312 3896 366 3955 per
388 3878 482 3940 varios
500 3876 716 3957 depravationis
732 3875 839 3956 gradus
854 3872 1060 3950 interpolatam
1074 3873 1177 3936 lectio·
