2580 4366
119 202 156 266 18
505 222 533 265 u.
548 221 796 267 annumerarent

115 392 198 436 sacro
214 381 365 454 regentem
381 374 470 435 maria
486 374 581 434 votivo
596 373 699 434 colam.

115 478 200 520 unrn.
230 458 289 520 Pro
304 459 460 520 numinum
475 459 518 520 vis
533 476 657 534 summo,
672 476 728 540 pro
744 458 913 523 caelestium

114 554 213 606 rector
227 544 405 624 parensque,
420 543 507 606 cuius
522 544 653 605 excussis
670 551 801 606 tremunt
906 574 910 589 ·

114 630 241 691 hnmana
257 629 334 704 telis,
349 628 469 708 impiam
485 628 563 708 regis
576 628 632 689 ieri

115 732 270 794 compesce
284 715 415 775 dextram
430 714 558 793 —quid
573 714 644 775 deos
658 714 767 775 frustra
782 710 914 793 precor?

113 799 293 878 ubicumque
309 818 351 875 es,
370 799 448 873 audi,
464 807 541 861 nate.
573 815 627 860 cur
641 798 739 860 subito
754 798 853 860 lahant

114 884 218 963 agitata
233 893 315 946 motu
329 881 461 965 templa?
477 902 532 945 cur
545 883 640 963 mugit
654 881 773 945 solum?

113 970 259 1047 audimur,
274 978 319 1031 est
333 977 378 1032 est
392 970 509 1031 sonitus
523 968 662 1045 Herculei
677 969 794 1048 gradus.

484 1137 634 1200 CHORVS

320 1273 344 1334 Ο
360 1273 490 1335 Fortuna
504 1272 576 1334 viris
589 1273 686 1334 invida
700 1272 837 1349 fortibus,

241 1376 328 1437 quam
344 1375 406 1419 non
422 1377 514 1438 aequa
530 1357 616 1418 bonis
630 1358 761 1437 praemia
775 1357 904 1419 dividis·

241 1443 434 1523 ‘Eurystheus
449 1442 526 1504 facili
543 1451 648 1521 regnet
661 1443 692 1504 in
709 1443 787 1517 otio;

240 1528 380 1589 Alcmena
395 1528 512 1606 genitus
526 1526 604 1588 hella
618 1546 673 1608 per
687 1528 786 1588 omnia

240 1613 383 1675 monstris
398 1613 522 1691 exagitet
537 1611 702 1674 caeliferam
717 1630 852 1675 manum:

239 1697 387 1778 serpentis
401 1705 515 1758 resecet
529 1697 603 1758 colla
617 1697 734 1768 feracia,

241 1782 372 1863 deceptis
387 1782 496 1845 referat
509 1783 584 1844 mala
599 1781 761 1856 sororibus,

239 1887 306 1930 cum
323 1885 427 1928 somno
443 1867 557 1929 dederit
571 1866 728 1946 pervigiles
743 1885 833 1946 genas
856 1945 859 1949 y

238 1953 335 2033 pomis
351 1951 489 2013 divitibus
503 1952 691 2032 praepositus
707 1951 815 2013 draco.'

316 2037 437 2098 Intravit
451 2036 586 2116 Scythiae
602 2035 772 2114 multivagas
788 2036 892 2099 domos

239 2130 269 2183 et
283 2128 386 2201 gentes
400 2119 503 2200 patriis
518 2121 639 2183 sedibus
653 2121 795 2201 hospitas,

168 2233 170 2238 ·
238 2207 416 2284 calcavitque
430 2206 499 2266 freti
514 2213 595 2286 terga
612 2207 737 2286 rigentia

238 2300 267 2352 et
281 2291 371 2353 mutis
384 2291 506 2352 tacitum
520 2290 657 2352 litoribus
671 2309 762 2352 mare.

237 2375 297 2437 illic
313 2376 385 2437 dura
400 2385 502 2453 carent
516 2394 645 2455 aequora
659 2374 809 2450 fluctibus,

238 2468 267 2521 et
282 2479 340 2540 qua
355 2460 442 2540 plena
457 2468 533 2521 rates
549 2460 668 2522 carbasa
682 2459 849 2537 tenderant,

238 2545 366 2608 intonsis
381 2546 488 2607 teritur
503 2546 605 2606 semita
620 2545 771 2607 Sarmatis.

237 2638 293 2691 stat
308 2637 429 2710 pontus,
444 2629 558 2691 vicibus
572 2629 690 2692 mobilis
705 2630 822 2706 annuis,

236 2732 339 2776 navem
354 2733 436 2776 nunc
450 2714 544 2777 facilis
559 2733 641 2776 nunc
656 2715 784 2794 equitem
799 2714 869 2795 pati.

237 2798 297 2861 illic
312 2818 387 2878 quae
402 2800 497 2861 viduis
512 2800 651 2878 gentihus
666 2800 801 2880 imperat,

236 2894 338 2946 aurato
353 2884 482 2965 religans
498 2884 546 2947 ilia
561 2884 667 2963 balteo,

236 2968 361 3032 detraxit
376 2971 504 3048 spolium
521 2969 621 3032 nobile
637 2969 757 3050 corpori

237 3063 266 3115 et
280 3053 388 3134 peltam
404 3062 434 3115 et
447 3053 524 3116 nivei
538 3055 656 3116 vincula
671 3053 810 3134 pectoris,

234 3139 375 3200 victorem
390 3140 486 3219 posito
500 3140 668 3220 suspiciens
683 3159 771 3218 genu.

314 3224 377 3295 Qua
393 3244 446 3305 spe
462 3224 639 3305 praecipites
654 3233 737 3287 actus
752 3225 788 3286 ad
803 3223 926 3301 inferos,
997 3278 1000 3283 .

234 3308 327 3372 audax
342 3309 386 3370 ire
399 3309 460 3370 vias
474 3308 689 3386 inremeabiles,

234 3393 331 3456 vidisti
346 3394 462 3457 Siculae
476 3412 569 3474 regna
582 3390 801 3474 Proserpinae?

106 3576 220 3630 infernus
237 3577 288 3630 imo
306 3577 393 3629 sonuit
411 3592 425 3630 e
443 3577 523 3630 londo
543 3577 627 3644 fragor
1118 3565 1147 3615 nt

109 3680 311 3692 ——-——-

191 3746 240 3796 515
258 3744 347 3797 votivo
365 3761 453 3813 rogem
470 3746 496 3797 A
565 3748 614 3798 522
640 3746 725 3798 dolent
793 3748 843 3799 523
861 3761 893 3798 en
911 3749 952 3799 eat
967 3748 993 3798 A
1057 3746 1101 3799 525
1113 3736 1150 3790 Ᾰῑ*

105 3812 226 3880 rystheus
248 3811 272 3866 Ε.
358 3816 408 3866 529
433 3814 527 3867 lerocia
544 3813 570 3864 Ε
578 3816 603 3864 A
625 3830 695 3866 corr.
713 3818 732 3880 ς
818 3816 868 3869 536
891 3814 978 3868 multis
993 3814 1052 3867 EA
1066 3798 1151 3865 comt

103 3879 312 4000 k5Ji312t2nderent
328 3880 354 3931 E
448 3885 498 3936 546
522 3882 663 3949 suscipiens
680 3884 738 3935 uA
755 3899 825 3937 corr.
844 3886 864 3947 ς
956 3884 1006 3937 ott
1027 3870 1151 3935 immed*
