2580 4366
144 218 187 280 46
528 240 556 281 n.
580 240 684 305 annana
706 241 833 285 sennenn

142 386 301 462 Dardania3
330 390 470 468 praedam
493 390 572 452 mille
594 409 656 452 non
679 392 799 471 capiunt
820 403 907 457 rates.

228 472 333 535 Testor
353 475 476 536 deorum
498 494 610 538 numen
633 477 786 539 adversum
808 480 889 555 mihi,

142 558 314 637 patriaeque
336 561 451 622 cineres
473 569 563 640 teque
589 570 735 623 rectorem
758 563 908 644 Phrygum

142 659 231 720 quem
253 643 341 706 Troia
363 655 425 706 toto
449 644 599 708 conditum
623 664 716 726 regno
739 649 819 726 tegit,

141 736 268 810 tuosque
290 748 391 792 manes
414 750 473 810 quo
497 731 577 794 stetit
599 739 694 794 stante
717 732 814 808 Ilium,

141 819 172 873 et
192 832 244 874 ros
266 832 400 876 meorum
422 816 548 878 liberum
571 817 670 896 magni
692 835 807 898 greges,

141 898 262 961 umbrae
284 900 429 962 minores:
454 902 598 981 quidquid
620 902 732 963 adversi
754 905 870 979 accidit,

79 1048 80 1053 ,
119 1048 123 1073 1
141 1001 346 1064 quaecumque
368 986 502 1048 Phoebas
525 1005 576 1048 ore
598 986 747 1067 lymphato
770 989 875 1051 lunens

119 1102 121 1107 ·
139 1069 219 1130 credi
243 1070 297 1132 deo
319 1080 435 1133 vetante
457 1071 601 1152 praedixit
622 1073 705 1145 mala,

139 1153 223 1234 prior
244 1156 365 1217 llecuba
387 1157 446 1218 vidi
468 1157 585 1237 gravida
607 1176 664 1218 nec
685 1158 763 1218 moui
786 1170 882 1220 metus

139 1251 169 1303 et
191 1259 263 1302 vana
284 1254 363 1302 vates
384 1252 453 1303 ante
476 1242 668 1304 Cassandram
690 1242 743 1304 lui.

139 1345 201 1388 non
225 1335 328 1387 cautus
351 1327 435 1406 ignes
457 1326 575 1388 Ithacus
598 1335 648 1388 aut
669 1326 761 1389 Ithaci
785 1347 885 1391 eomes

139 1421 305 1475 nocturnus
327 1413 358 1473 in
380 1430 432 1473 vos
454 1412 563 1492 sparsit
584 1421 634 1473 aut
655 1411 743 1473 lallax
763 1413 875 1475 Sinon:

137 1516 222 1561 meus
245 1497 323 1576 ignis
345 1497 401 1557 iste
423 1506 476 1570 est,
499 1496 613 1558 facibus
635 1497 743 1558 ardetis
765 1499 849 1560 meis.

137 1583 190 1645 sed
213 1583 285 1663 quid
306 1582 410 1644 ruinas
432 1582 514 1644 urbis
538 1600 654 1643 eversae
677 1583 780 1661 gemis,

137 1668 218 1730 vivax
240 1664 402 1729 senectus?
425 1667 541 1748 respice
564 1667 667 1728 infelix
688 1667 725 1728 ad
748 1669 803 1730 hos

136 1753 236 1815 luctus
258 1761 408 1814 recentes:
433 1752 521 1814 Troia
542 1751 600 1813 iam
621 1760 704 1814 retus
727 1762 772 1813 est
794 1755 913 1816 malum.

136 1839 195 1900 ridi
217 1837 414 1900 execrandum
436 1838 533 1916 regiae
556 1837 653 1899 caedis
675 1837 758 1898 nefas

136 1925 277 2004 ipsasque
298 1923 335 1984 ad
356 1941 421 1983 aras
443 1923 537 1984 maius
559 1921 719 1984 admissum
741 1923 839 1984 scelus

136 2009 155 2074 †
175 2009 277 2071 Aeaeis
299 2008 405 2083 armis,
428 2026 495 2069 oum
518 2008 618 2081 lerox,
642 2025 742 2068 scaeva
763 2027 854 2070 manu

137 2113 221 2156 coma
245 2095 398 2155 reflectens
421 2093 535 2171 regium
557 2100 635 2153 torta
661 2103 759 2172 caput,

137 2180 195 2241 alto
219 2178 379 2241 nefandum
401 2177 516 2239 vulneri
538 2177 650 2239 ferrum
675 2176 800 2251 abdidit;

137 2264 217 2344 quod
239 2265 359 2344 penitus
381 2270 479 2324 actum
502 2281 569 2323 cum
591 2263 752 2342 recepisset
773 2261 879 2336 libens,

137 2349 217 2411 ensis
240 2349 326 2410 senili
349 2348 446 2409 siccus
469 2367 485 2409 e
505 2348 608 2427 iugulo
631 2347 716 2409 redit.

135 2434 252 2514 placare
275 2452 362 2512 quem
386 2451 447 2494 non
470 2434 606 2512 potuita
629 2432 716 2494 caede
738 2432 828 2493 effera

135 2519 267 2581 mortalis
290 2519 351 2580 aevi
374 2517 524 2579 cardinem
547 2527 710 2579 extremum
733 2535 872 2597 premens

135 2604 297 2684 superique
318 2611 408 2665 testes
430 2602 550 2664 sceleris
573 2613 602 2664 et
623 2602 769 2681 quoddam
793 2619 909 2664 sacrum

135 2689 221 2769 regni
243 2685 387 2750 iacentis‘l
411 2688 459 2748 ille
481 2698 526 2749 tot
548 2705 652 2766 regum
675 2705 784 2766 parens
810 2704 816 2716 ·

136 2784 216 2837 caret
236 2774 374 2853 sepulcro
397 2773 531 2834 Priamus
554 2781 583 2834 et
603 2773 719 2833 flamma
741 2772 854 2851 indiget

134 2860 256 2922 ardente
277 2859 375 2920 Troia.
420 2877 481 2919 non
504 2866 601 2919 tamen
625 2858 743 2937 superis
765 2865 809 2918 sat
831 2864 890 2918 est:

135 2945 289 3007 dominum
311 2962 381 3005 ecce
402 2943 510 3005 Priami
533 2943 658 3005 nuribus
681 2951 711 3004 et
732 2943 808 3004 natis
831 2941 934 3020 legens

135 3030 258 3094 sortitur
280 3047 355 3090 urna
378 3028 546 3108 praedaque
569 3047 606 3090 en
629 3027 694 3089 vilis
716 3045 833 3107 sequar.

133 3117 183 3178 hie
204 3114 341 3177 llectoris
364 3113 501 3192 coniugia
523 3112 689 3193 despondet
710 3111 777 3188 sibi,

133 3202 182 3263 hio
204 3209 286 3281 optat
308 3198 413 3261 Heleni
436 3199 610 3278 coniugem,
633 3198 682 3259 hic
705 3196 881 3270 Antenoris;

134 3305 190 3348 nec
212 3287 277 3357 dest
298 3295 382 3360 tuos,
406 3283 583 3359 Cassandra,
607 3283 659 3363 qui
680 3281 823 3345 thalamos
846 3288 926 3360 petat
947 3313 989 3324 -

132 3390 197 3432 mea
221 3389 286 3433 sors
307 3372 443 3444 timetur,
466 3368 527 3429 sola
550 3386 617 3429 sum
638 3367 744 3430 Danais
767 3375 874 3428 metus.

218 3455 360 3518 Lamenta
382 3451 519 3518 cessant?
542 3453 628 3516 turba
650 3452 780 3533 captivae
803 3470 877 3528 mea,

219 3641 251 3692 29
268 3638 448 3707 phyrigumlt'
527 3640 558 3691 31
584 3636 704 3705 quodque
722 3636 794 3688 stetit
812 3639 870 3686 ante
887 3634 960 3686 lliurn
978 3630 1061 3699 (Ilion)
1080 3634 1106 3684 A
1173 3635 1205 3685 46

132 3705 259 3759 Aeacidae
283 3708 309 3756 A
348 3707 431 3758 Aiacis
452 3704 603 3757 Gronovius
639 3704 767 3758 Aeacidae
790 3705 821 3755 ab
844 3703 922 3754 annis
943 3700 977 3754 N.
996 3701 1123 3752 Halmius
1147 3700 1207 3752 odo.

130 3777 227 3843 p.151.
254 3776 370 3825 conieci.-
386 3775 508 3842 ipsasque
526 3773 558 3825 ad
576 3787 632 3826 aras
648 3774 739 3836 tmaius
749 3771 913 3823 admissumst
924 3769 986 3835 fide)
997 3767 1116 3822 Aeacidis
1129 3782 1206 3831 mma,

133 3857 191 3896 cum
209 3841 336 3906 (Aeacidis
354 3841 483 3907 Scaliger.
520 3842 555 3903 of.
574 3843 702 3893 Dracent.
725 3839 757 3904 V,
775 3841 826 3892 155
844 3840 883 3890 od.
902 3840 994 3900 Delia)
1082 3840 1115 3891 50
1133 3836 1206 3890 senili

38 3963 40 3967 .
131 3911 269 3964 tinctusA
338 3913 370 3963 53
389 3909 554 3977 quondamg
615 3913 647 3964 56
665 3908 788 3976 superi3
850 3911 882 3961 58
901 3905 993 3974 praeda
1011 3919 1087 3972 wem
1105 3905 1204 3958 viliaA

133 3983 166 4034 63
184 3983 320 4044 cessent&
