2580 4366
556 239 687 282 russulis

84 407 191 450 sensus
213 390 374 464 malorum;
397 390 465 452 linis
487 390 603 452 Alcides
625 390 691 464 luit,

84 473 135 553 qui
158 492 225 536 crim
248 475 397 536 revulsum
420 475 542 537 Tartaro
565 475 747 536 abstraheret
769 495 882 553 canem,

81 578 129 619 me
153 577 273 639 quoque
295 578 441 640 supernas
463 561 575 640 pariter
596 561 632 621 ad
655 560 740 622 sedes
762 561 838 622 tulit.
1112 573 1158 624 845

82 644 134 704 sed
155 645 232 706 fessa
255 645 348 706 virtus
370 645 479 708 robore
501 644 624 724 antiquo
647 654 727 706 caret

82 730 290 809 trepidantque
313 748 442 810 gressus.
487 731 556 806 heu,
580 730 663 792 labor
685 741 813 809 quantus
835 732 891 793 fuit

81 814 297 894 Phlegethonte
320 815 355 876 ah
379 816 438 875 imo
461 824 562 895 petere
584 815 783 895 longinquum
805 816 924 878 aethera

81 900 252 980 pariterque
275 908 401 961 mortem
423 901 527 983 lugere
550 908 578 962 et
601 901 723 962 Alciden
746 902 842 981 sequi.

168 985 240 1056 Quis
263 985 397 1047 fremitus
419 1004 506 1047 aures
527 985 634 1047 flebilis
656 986 772 1066 pepulit
793 984 897 1048 meas?
951 1031 957 1044 ,

82 1079 235 1148 expromat
257 1070 373 1149 aliquis.
417 1072 517 1132 luctus
539 1080 568 1132 et
589 1071 726 1133 lacrimae
750 1082 779 1134 et
801 1072 895 1147 dolor,

83 1154 113 1213 in
135 1154 238 1217 limine
261 1156 326 1235 ipso
349 1165 459 1216 maesta
481 1155 673 1218 lamentatio?

82 1241 214 1320 auspicia
237 1240 325 1319 digna
347 1259 472 1320 prorsus
494 1241 613 1302 inferno
636 1239 763 1322 hospite.

452 1393 596 1455 ermx

166 1494 261 1555 'l'enet
283 1493 464 1556 obstinatum
486 1494 617 1556 Phaedra
640 1495 798 1556 consilium
822 1496 904 1558 necis

80 1580 227 1658 fletusque
251 1588 370 1641 nostros
391 1580 507 1658 spernit
529 1598 563 1641 ac
585 1581 672 1640 morti
694 1579 838 1642 imminet.

81 1683 160 1725 nnus.
212 1664 293 1735 Quae
317 1683 405 1725 causa
427 1664 636 1743 leti?xreduce
659 1683 713 1725 our
734 1666 861 1727 moritur
881 1663 966 1726 viro‘l

79 1768 163 1810 nvrn.
207 1748 287 1810 llaec
309 1750 373 1829 ipsa
395 1749 486 1810 letum
510 1767 596 1810 causa
618 1757 767 1811 maturum
791 1751 897 1812 attulit.

80 1853 160 1895 ress
210 1833 353 1914 Perplexa
376 1852 515 1912 magnum
538 1834 625 1895 verba
648 1835 748 1896 nescio
772 1834 843 1915 quid
865 1845 980 1914 tegunt.

80 1920 169 1981 ellare
191 1928 292 1999 aperte
315 1919 382 1997 quis
405 1926 504 1997 gravet
525 1927 655 1980 mentem
678 1919 772 1980 dolor.

79 2023 162 2065 num.
207 2003 286 2065 Haut
307 2004 410 2084 pandit
432 2004 500 2078 ulli;
523 2014 633 2066 maesta
655 2015 802 2066 secretum
825 2005 934 2066 occulit

79 2088 239 2168 statuitque
262 2107 362 2150 secum
385 2090 464 2151 ferre
487 2107 547 2167 quo
570 2089 697 2150 moritur
717 2090 838 2152 malum.

79 2175 136 2234 iam
159 2192 261 2253 perge,
285 2193 406 2252 quaeso,
429 2192 536 2253 perge:
561 2184 720 2254 properato
743 2185 788 2237 est
810 2194 897 2255 opus.

81 2276 161 2320 raus.
212 2259 352 2321 Reserate
375 2259 491 2320 clausos
513 2260 587 2338 regii
610 2270 710 2338 postes
732 2261 810 2322 laris.

168 2343 192 2403 0
216 2345 297 2405 socia
318 2344 447 2418 thalami,
470 2345 564 2406 sicine
585 2345 742 2406 adventum
765 2345 818 2406 viri

82 2438 111 2489 et
133 2428 252 2507 expetiti
275 2429 410 2508 coniugis
434 2429 546 2490 vultum
569 2427 703 2509 excipis?

81 2514 154 2592 quin
178 2532 250 2574 ense
272 2514 372 2575 viduas
395 2516 543 2576 dexteram
566 2525 655 2594 atque
676 2515 807 2576 animum
830 2515 902 2576 mihi

80 2597 213 2659 restituis
236 2607 264 2659 et
285 2609 315 2660 te
338 2599 481 2679 quidquid
505 2599 599 2661 evita
623 2602 705 2678 lugat

81 2680 256 2762 expromis?
299 2703 345 2744 na.
390 2685 484 2760 Eheu,
508 2685 626 2764 perlui
648 2693 799 2765 sceptrum
822 2684 938 2764 imperi,

80 2769 268 2846 magnanime
290 2768 418 2844 Theseu,
441 2787 555 2848 perque
578 2776 715 2831 natorum
738 2771 868 2831 indolem

80 2868 209 2932 tuosque
231 2853 346 2914 reditus
367 2872 482 2934 perque
504 2855 561 2915 iam
584 2852 701 2915 eineres
722 2873 815 2931 meoS,

80 2937 218 3018 permitte
233 2947 376 3000 mortem.
421 2957 503 3000 runs.
548 2937 640 3000 Causa
663 2957 738 3017 quae
761 2941 839 3018 cogit
862 2937 960 3001 mori?

80 3043 125 3083 nn.
207 3023 238 3083 Si
261 3042 348 3084 causa
370 3024 421 3086 leti
443 3023 561 3099 dicitur,
584 3026 698 3085 fructus
721 3026 807 3105 perit.

80 3126 160 3169 runs.
204 3107 296 3168 Nemo
321 3109 399 3170 istud
421 3109 506 3182 alius,
529 3128 576 3171 me
600 3109 719 3189 quidem
740 3119 875 3188 excepto,
897 3110 1006 3172 audiet.

79 3212 126 3252 nn.
205 3195 301 3253 Aures
323 3194 430 3273 pudica
453 3194 589 3272 coniugis
611 3195 688 3255 solas
711 3195 803 3256 timet.

79 3297 160 3337 reus.
205 3278 321 3338 Effare:
345 3280 404 3340 fido
425 3286 548 3358 pectore
570 3297 676 3340 arcana
698 3279 841 3340 coculam.

79 3382 126 3423 nn.
203 3362 301 3423 hlium
324 3364 411 3425 silere
434 3364 514 3442 quod
537 3365 627 3439 voles,
649 3365 764 3443 primus
786 3364 850 3425 sile.

80 3465 161 3508 ress
205 3445 270 3508 Leti
293 3449 415 3510 facultas
439 3449 519 3509 nulla
543 3450 696 3528 continget
717 3448 780 3511 tibi.

166 3633 214 3684 843
232 3646 331 3683 mersus
349 3631 507 3684 malorumA
557 3634 607 3685 844
624 3633 727 3684 revulso
745 3632 778 3685 ll.
796 3659 830 3670 -—
848 3630 1024 3683 extraheretA
1069 3633 1118 3685 852
1131 3637 1158 3685 et

77 3699 165 3751 limine
183 3699 283 3765 inipso
301 3701 326 3751 A
395 3702 444 3753 853
463 3699 576 3767 hospitia
594 3700 671 3754 codd.
690 3702 811 3751 correxit
828 3698 936 3751 Grotius
992 3702 1056 3763 ,sse
1076 3707 1120 3753 aut
1132 3701 1157 3752 n*

79 3770 129 3821 863
147 3767 230 3833 postis
251 3767 317 3820 lares
343 3775 362 3833 ς
450 3771 500 3822 864
517 3783 603 3819 novae
626 3783 739 3820 scaenae
763 3768 858 3819 titulus
880 3766 1004 3821 Theseus.
1032 3767 1155 3822 Phaedre.

77 3835 170 3888 Nutrix
188 3836 264 3886 tacita
281 3836 307 3886 ll
326 3835 402 3888 Thes.
420 3835 515 3889 Phoed.
532 3837 557 3888 A
636 3837 685 3891 868
704 3836 754 3889 heu
772 3837 797 3888 A
821 3836 881 3898 then
903 3846 956 3903 per·
970 3836 1032 3904 imp.
1057 3851 1093 3890 sc.
1119 3836 1157 3889 tui

77 3903 209 3970 Poggius)
279 3906 329 4023 824
350 3904 448 3957 Theseo
466 3908 643 3957 continuatur
659 3905 693 3958 A.
718 3933 752 3944 -
775 3918 799 3957 a.
817 3903 924 3971 pudicus
942 3920 965 3958 c.
984 3920 1005 3960 s.
1022 3906 1114 3959 times?
1131 3907 1168 3958 A

77 3975 128 4025 877
148 3972 281 4039 contiguet
