2580 4366
429 215 467 256 nn
487 214 703 257 exemerimus
725 215 853 257 aulaeis.
1119 201 1177 262 167

138 370 205 422 euleu
229 363 335 425 dicebat
359 363 451 425 Gattr'n
474 364 586 426 Nasam
611 384 662 427 suo
686 367 766 426 valde
784 364 941 444 pluruma·
964 372 1058 445 itaque
1079 367 1179 443 {retest

141 440 282 527 itemquae
303 452 335 511 ire
360 449 459 511 multis
480 449 547 510 etita
568 450 694 511 uersibus
713 449 830 528 Verpdti
850 452 972 528 fecerat,
1000 468 1059 510 aare
1080 450 1177 512 eutri-

141 528 207 600 lttrti
224 535 377 595 manased
394 533 494 613 putam
515 536 677 611 mutuandi,
699 534 749 594 bae
770 539 877 601 aalma,
900 546 933 596 ut
950 535 1030 596 vettet
1045 540 1177 612 reputasti,-

143 626 181 671 tue
195 627 277 677 nutem
298 622 331 678 ire
350 620 497 696 trupeedia
518 623 597 680 eiua:

305 704 389 781 seror
408 701 463 763 tue
484 702 553 764 illue
573 715 607 764 ut
623 704 711 782 pterea
733 705 792 765 dee.

144 771 193 840 haee
202 786 276 847 rerba
292 788 454 848 ostendunt
470 785 565 847 Ovidii
580 788 711 849 Medeam
726 788 814 865 leuge
830 787 914 847 aliter
929 798 1070 847 moratam
1085 788 1177 848 luisse

143 869 379 951 aunenrudis:
409 890 485 949 quae
514 890 581 932 cum
608 874 693 950 aequi
715 872 806 933 animi
829 880 858 932 et
880 871 911 931 in
934 873 1071 932 extremis
1091 872 1176 933 matis

141 956 231 1030 llfflpus
255 956 308 1032 sit,
338 975 499 1035 numquam
528 956 570 1017 ira
599 968 628 1018 et
657 957 757 1038 delore
787 957 817 1016 in
842 965 1040 1017 transversum
1063 951 1175 1035 agilum

71 1058 78 1125 'r
139 1023 338 1103 traducimus
353 1041 502 1120 lymphata
517 1035 619 1103 lurore
636 1041 842 1103 debacchatum
857 1059 931 1101 esse.
962 1040 1071 1101 eisdem
1087 1042 1178 1118 igitur

137 1111 256 1185 uteribus
277 1126 396 1187 Medeae
418 1125 490 1186 iram
514 1126 646 1206 depinxit
668 1126 776 1205 quibus
792 1127 919 1199 Seneea;
944 1125 1028 1186 euius
1045 1126 1175 1187 Medeam

132 1200 155 1252 tt
169 1202 258 1271 turere
277 1209 312 1271 ab
335 1210 419 1272 initio
442 1230 537 1289 paene
559 1229 612 1290 per
634 1218 723 1271 tutam
738 1211 867 1271 tabulam
883 1210 1014 1270 ridemus
1029 1220 1058 1272 et
1073 1229 1176 1288 gressu

125 1285 189 1347 laad
213 1295 342 1356 maenada
364 1295 479 1356 ineerta
503 1296 562 1356 bue
584 1296 655 1356 illue
676 1315 764 1356 ruere
786 1296 946 1357 identidem
968 1295 1116 1357 audimus:

230 1382 282 1443 123
306 1385 414 1441 ineerta
435 1399 549 1441 vaecors
571 1390 663 1442 ruente
685 1399 807 1441 vaesana
827 1381 911 1458 seror

302 1476 400 1544 partes
421 1469 454 1525 ire
478 1483 573 1526 erueres
594 1467 670 1526 uelde
691 1485 735 1525 aar
756 1466 854 1527 nutristi
875 1484 983 1545 queam.

228 1549 282 1611 382
306 1555 414 1610 decerta
436 1550 528 1629 queteb
549 1550 661 1612 entheae
682 1569 793 1629 pressus
815 1549 881 1611 tutr't

308 1654 372 1695 eam
395 1637 455 1694 iam
476 1646 584 1713 recepta
607 1654 723 1697 maenas
745 1639 852 1707 inserite
874 1636 923 1695 deu
945 1667 987 1678 -

308 1719 374 1779 tatis
395 1730 523 1781 ree-ureae
543 1717 598 1781 teuc
619 1731 646 1781 et
667 1719 721 1780 tur
742 1729 822 1779 matu
843 1720 929 1798 effere

306 1804 420 1880 fureris
441 1822 489 1864 are
510 1808 592 1882 sipuu
614 1804 754 1884 tpmpbute‘
773 1822 880 1882 pareus.

229 1888 283 1948 675
305 1898 337 1948 ut
359 1893 479 1949 ullaulla
501 1890 594 1966 pratu
613 1887 618 1968 l
639 1893 736 1949 evasit.

170 2022 178 2028 .
228 1971 282 2034 738
304 1977 400 2032 sereuit
422 1991 479 2033 eece
500 1992 624 2034 neesureu
646 1975 748 2052 prudu.

229 2055 284 2118 805
306 2056 360 2117 ribi·
379 2058 487 2118 reddata
505 2069 617 2135 pertore
638 2076 755 2118 eruerem

306 2159 387 2202 ruera
408 2143 514 2218 seriam
536 2141 664 2204 bacatu
686 2142 786 2203 autre.

230 2225 286 2287 843
307 2245 431 2304 quanam
453 2238 569 2289 eruerem
591 2246 708 2287 meeum

305 2329 441 2389 praeceps
463 2329 560 2371 emere
581 2329 663 2371 sueva

308 2393 447 2474 rapitur?

229 2478 283 2541 862
305 2479 359 2540 bue
380 2482 441 2558 {ert
458 2481 542 2558 pedes
564 2490 591 2540 et
612 2478 690 2549 dtur,

307 2576 339 2624 ut
362 2569 444 2642 tr'prr's
466 2564 536 2625 orba
557 2568 632 2624 nutis

308 2667 396 2709 eursu
416 2649 532 2726 furente
554 2649 657 2709 lustrat

132 2799 137 2809 ⁴
310 2731 494 2811 Garapete'eum
515 2752 624 2794 nemus.

115 2804 154 2864 Ml
186 2812 290 2875 Mutum
321 2818 463 2879 momenti
491 2818 589 2878 inesse
618 2834 679 2878 nen
710 2814 880 2876 infitiaberis
915 2824 946 2875 ut
975 2812 1110 2874 Ovidium
1143 2832 1177 2874 ac

123 2887 308 3010 §Q
333 2902 369 2963 ab
393 2902 534 2981 Euripide
556 2902 670 2963 diverse
697 2911 725 2961 et
747 2900 879 2961 intense
902 2898 1036 2959 similiter
1057 2898 1175 2959 Medeae

133 3035 230 3119 77701.)
244 3050 279 3102 eie
296 3050 445 3116 corrigenda
463 3058 489 3102 et
506 3051 648 3118 supplenda
667 3065 724 3102 esse
741 3064 844 3100 censeo:
867 3066 915 3100 cur
933 3050 982 3098 dee
1000 3051 1114 3098 sortiter
1131 3064 1178 3113 pn-

71 3164 78 3173 .
138 3110 238 3181 batumum
257 3124 350 3184 peetus
375 3119 446 3183 qnod
470 3121 608 3185 [impleuit
633 3119 695 3183 qun]
714 3121 818 3168 tuntum
836 3133 892 3168 nere
909 3118 988 3181 impie
1006 3131 1027 3165 e.
1047 3130 1070 3180 q.
1089 3130 1110 3167 s.
1146 3114 1178 3164 de

139 3186 199 3240 Mtte
216 3186 351 3237 sententiae
369 3186 512 3238 Arellianae
536 3192 620 3252 parte,
645 3186 670 3236 ln
695 3200 770 3252 quam
792 3184 871 3235 multa
891 3189 916 3234 et
933 3182 1111 3248 improbabilia
1129 3180 1177 3231 viri

138 3241 188 3324 Mlti
200 3254 329 3305 commenti
345 3258 413 3316 eunt,
431 3269 520 3306 verum
537 3271 578 3307 me
596 3254 724 3306 invenisse
742 3251 912 3304 confidentius
930 3248 1042 3301 affirmo:
1062 3265 1110 3299 cur
1128 3252 1177 3299 tete

140 3313 174 3374 [¹¹¹]
188 3319 329 3387 interpretis
345 3325 524 3373 ntindtertum
542 3323 663 3388 placuit?
681 3324 740 3381 (isle
757 3325 828 3371 inter
842 3325 899 3370 eiua
910 3321 974 3369 mira.
991 3316 1074 3381 cedd.)
1101 3316 1178 3369 inter·

136 3395 177 3449 tlte
192 3394 289 3441 meatur
306 3388 413 3441 Calchas
423 3390 499 3455 Verg.
518 3392 580 3442 Aen.
599 3390 637 3451 ul,
655 3391 703 3443 353
723 3393 856 3452 interpres
875 3387 972 3437 dinam.
1005 3383 1064 3437 Tro.
1083 3387 1131 3437 351
1152 3392 1178 3435 et

135 3451 169 3505 tlt
183 3456 306 3522 interpres
325 3458 412 3509 deum
440 3456 471 3509 ct.
482 3455 555 3510 Ovid.
566 3473 614 3509 am.
627 3456 668 3522 111,
679 3461 703 3519 5,
721 3459 753 3508 45
773 3456 881 3506 deterat
897 3457 1037 3518 interpret.
1064 3458 1178 3503 ceterum

131 3513 195 3588 ‘plene
210 3519 261 3577 deo'
275 3525 344 3577 illine
357 3525 414 3576 aeri
426 3526 537 3577 earmina
551 3526 672 3592 pleraque
685 3530 753 3587 suut,
772 3523 852 3575 multa
864 3538 895 3573 ex
904 3520 1009 3587 Vergilii
1021 3519 1176 3580 imitatione;

126 3591 211 3645 erube
232 3594 407 3659 exemplorum
429 3609 501 3646 sume
514 3593 579 3661 tue.
596 3593 644 3656 lX,
663 3595 712 3647 564
734 3592 781 3642 itte
808 3591 856 3642 deo
880 3590 974 3655 planae
998 3592 1082 3639 tacita
1100 3603 1177 3654 quem

121 3663 323 3727 mitigaretur.
360 3660 424 3713 Stat.
444 3660 523 3715 Theb.
541 3661 578 3727 ll,
597 3663 646 3712 621
667 3661 778 3727 pteram
801 3660 904 3709 Pbeede
928 3660 1024 3708 uatem.
1059 3656 1108 3722 Xl,
1127 3658 1176 3708 676

117 3730 189 3784 mtto
203 3745 338 3796 possessae
355 3732 465 3781 numine
482 3735 583 3791 peetus.
618 3727 663 3779 Sil.
681 3728 726 3789 Ml,
745 3730 794 3780 673
819 3727 878 3777 taen
900 3725 1058 3792 plebutea.
1094 3723 1124 3785 V,
1144 3725 1176 3774 ed

108 3800 199 3872 ptem
215 3800 316 3862 etipse
334 3797 419 3848 deum.
447 3796 499 3860 XM,
519 3798 568 3849 323
587 3797 690 3848 Phoebo
708 3799 763 3845 inm
781 3799 885 3846 intrata
902 3793 1035 3844 aaeerder.
1065 3790 1122 3842 Vel.
1140 3789 1176 3841 71.

105 3872 123 3937 l,
138 3870 189 3923 230
203 3864 302 3933 plenae
319 3865 386 3927 fatie
404 3865 559 3928 Phoebeque
576 3867 674 3929 putate.
700 3861 743 3922 17,
756 3865 806 3914 tte
824 3878 884 3913 mea
900 3861 974 3926 quad
990 3865 1062 3910 vater
1078 3857 1178 3909 ireeedt't

100 3935 198 4008 Apolte
212 3938 337 4001 pectere.
373 3931 414 3998 71,
432 3935 482 3986 673
501 3933 545 3984 dei
562 3947 638 3997 quem
654 3936 762 3998 pectore
780 3935 835 3980 tete
853 3933 908 3981 iam
928 3933 1004 3979 terret.
