2602 4380
177 197 240 260 206
634 215 791 256 anteusus.

176 365 282 428 demde
381 459 413 511 ut
435 454 507 529 cepit
527 454 649 525 animos,
672 482 714 492 —
733 454 864 530 praepeti
883 469 970 512 eursu
991 451 1084 514 111111
1107 486 1149 496 -

380 547 406 596 11
428 546 510 595 torua
533 553 636 595 currus
658 546 724 595 ante
745 537 916 614 trepidantes
937 540 1022 607 stetit,

176 638 203 697 id
228 646 308 698 certe
331 637 441 698 clerum
466 645 510 698 est
532 637 567 697 de
583 636 685 697 semita
702 636 825 717 quadam
842 645 958 716 poetam
976 638 1059 717 loqui
1075 656 1163 718 quae,
1186 657 1255 700 eum

167 723 288 783 ¹diversa
311 721 348 782 sit
370 721 405 782 ab
429 739 463 783 ea
485 721 527 782 via
551 739 638 800 quam
655 720 832 800 Hippolytus
849 741 916 783 cum
933 723 1090 785 comitibus
1106 724 1253 804 sequitur,

175 807 303 886 primum
327 825 342 867 a
365 814 499 867 monstro
521 814 666 879 teneatur,
689 814 792 885 postea
815 806 1000 887 relinquatur
1015 817 1049 868 ut
1064 809 1163 888 ipsum
1180 808 1253 888 Hip·

175 892 307 971 polytum
337 899 425 972 petat.
470 891 604 953 semitam
632 892 714 953 istam
746 890 882 954 audimus
904 896 1000 954 uicina
1022 904 1138 973 taupere
1159 899 1255 974 spatia

174 981 316 1057 suppositi
335 979 463 1054 marist)
500 976 557 1037 iam
580 976 605 1036 si
627 976 671 1037 via
695 976 730 1037 ad
757 978 851 1056 Argos
874 977 986 1039 ducens
1009 980 1133 1040 omnino
1157 979 1253 1039 nomi-

176 1070 271 1137 natur,
296 1072 327 1123 ea
352 1061 437 1123 dehet
460 1079 604 1139 essequa
627 1060 805 1141 Hippolytus
828 1063 1042 1142 proficiscitur;
1074 1064 1119 1125 via
1142 1063 1199 1125 alta
1222 1064 1252 1125 in

174 1147 299 1208 collibus
327 1147 424 1226 ruptis
453 1145 503 1206 uhi
532 1154 698 1206 monstrum
728 1146 865 1208 consistit
886 1155 1042 1227 antequam
1066 1149 1141 1210 viam
1164 1149 1253 1211 intrat

174 1232 331 1311 spatiosam
360 1239 516 1310 aptamque
545 1231 699 1304 curribus,
729 1249 789 1292 non
819 1240 916 1310 potest
942 1239 990 1294 oia
1012 1235 1050 1295 ad
1071 1236 1162 1313 Arpos
1185 1234 1251 1295 dici.

173 1317 274 1396 itaque
298 1319 392 1396 Argos
414 1325 587 1395 corruptum
611 1323 671 1391 est3
702 1334 758 1377 nee
786 1335 856 1378 sane
879 1317 1001 1397 dignum
1026 1318 1074 1379 cui
1098 1327 1143 1380 tot
1163 1319 1252 1382 verba

174 1401 392 1480 impendantur,
416 1401 528 1481 quippe
551 1401 630 1480 quod
653 1419 691 1461 ne
712 1400 849 1462 traditum
874 1402 992 1481 quidem
1015 1403 1181 1484 antiquitus
1201 1404 1251 1465 sed

173 1487 209 1548 ab
231 1486 442 1566 interpolatore
471 1485 658 1565 suppositum
687 1484 726 1545 sit
754 1504 809 1564 pro
839 1487 966 1565 genuina
992 1488 1140 1569 scriptura
1162 1506 1251 1568 quam

173 1571 297 1632 servavit
323 1570 481 1631 Etruscus:

377 1667 417 1716 est
438 1655 497 1715 alta
518 1655 556 1715 ad
577 1674 595 1714 a
601 1672 685 1732 pras
706 1653 824 1715 callibus
845 1660 939 1736 ruptis
960 1662 1019 1718 uia.

172 1776 279 1836 nempe
301 1756 430 1836 pecudes
453 1765 645 1836 pastoresque
668 1773 829 1834 peragras
852 1757 1002 1835 fugerant;
1031 1777 1086 1838 per
1108 1778 1185 1839 quos
1207 1762 1250 1822 via

171 1842 308 1904 curribus
331 1852 397 1921 apta
420 1841 560 1914 ducebam
584 1858 677 1920 prope
697 1849 793 1900 autem
810 1860 864 1920 per
879 1841 973 1903 litoris
988 1845 1130 1923 scopulos
1147 1847 1249 1907 semita

172 1945 251 1987 mare
273 1935 407 2006 tangens.
452 1944 488 1987 ex
510 1925 558 1987 illa
581 1944 648 1986 cum
671 1934 838 1986 monstrum
861 1927 1007 2006 prorupit,

269 2030 349 2093 1068
373 2027 580 2110 inobsequentes
597 2031 733 2107 protinus
753 2029 848 2107 frenis
870 2033 935 2109 equi

374 2132 496 2193 rapuere
518 2131 637 2173 currum
660 2117 771 2192 iamque
795 2114 994 2174 derrantes
1016 2117 1079 2174 oia

375 2215 547 2277 petamusque
567 2195 681 2258 rabidos
699 2199 824 2276 pavidus
845 2202 940 2259 111111
960 2198 1057 2276 furor,

372 2280 423 2343 luae
444 2286 487 2342 ire
508 2293 632 2360 perpunt
653 2301 758 2363 seque
783 2301 851 2362 per
879 2281 1048 2362 scapulos
1078 2295 1206 2363 apunt.

170 2382 268 2460 itaque
290 2392 458 2444 monstrum
477 2401 569 2462 equos
583 2383 704 2462 planum
721 2383 890 2464 relinquere
905 2393 934 2445 et
950 2401 1070 2444 currum
1087 2403 1143 2465 per
1157 2403 1249 2464 mpes

169 2467 369 2546 scopulosque
397 2468 478 2529 unde
506 2469 603 2547 ipsum
633 2468 792 2530 desiluerat
821 2469 936 2530 trahere
964 2468 1052 2547 cogit.
1106 2469 1146 2530 ibi
1177 2470 1247 2531 dum

168 2550 345 2631 Hippolytus
367 2552 474 2614 misere
495 2553 650 2628 laceratur,

269 2657 348 2717 1105
371 2666 471 2716 emant
490 2673 544 2735 per
566 2674 649 2734 apros
670 2652 803 2733 [umbris
823 2654 933 2731 [11111111
953 2672 1065 2726 mnus,

368 2739 494 2818 perillo
516 2759 572 2821 qua
594 2741 745 2801 distraetus
766 2736 938 2818 Hippolytus
960 2739 1020 2799 laea

372 2826 486 2903 lanpunr
509 2834 626 2887 11111111
647 2827 792 2884 tramitem
812 2827 904 2901 sipuat
926 2832 1004 2883 nata.

252 2925 377 2986 vidimus
393 2925 483 3003 igitur
494 2944 531 2985 ne
542 2925 592 2985 hie
602 2924 719 3004 quidem
736 2932 853 3003 praeter
867 2924 929 3003 agri
945 2924 1101 3002 literisque
1116 2925 1246 2986 mentio-

167 3029 234 3085 nem
260 3010 416 3090 quicquam
440 3011 475 3071 de
497 3010 631 3070 locorum
654 3011 711 3072 situ
729 3018 846 3089 poetam
864 3008 1020 3070 indicasse.
1058 3016 1086 3068 et
1102 3011 1245 3088 quoniam

167 3096 344 3157 removimus
367 3096 446 3173 quod
470 3095 659 3174 disputationi
684 3102 801 3155 nostrae
824 3094 940 3155 obstare
961 3094 1056 3154 visum
1080 3104 1142 3167 est,
1165 3094 1244 3156 aliud

166 3182 305 3242 addemus
328 3198 387 3260 quo
403 3180 504 3241 neseio
520 3199 556 3239 an
574 3179 788 3259 quodammodo
805 3179 950 3239 luleiatur.
982 3179 1123 3239 nimirum
1140 3191 1245 3240 notum

167 3274 211 3326 est
240 3267 318 3346 quod
341 3265 548 3327 Lachmannus
578 3264 647 3325 dicit
669 3265 703 3325 ad
727 3265 815 3325 Luer.
838 3283 868 3342 p.
891 3266 970 3326 327:
1003 3263 1171 3343 Propertius
1193 3265 1244 3326 ad·

165 3355 299 3412 ieetivurn
321 3369 429 3431 quoque
450 3367 554 3411 nonen
576 3349 702 3412 breviari
720 3349 772 3410 illa
793 3352 917 3427 penetioi
940 3349 1100 3427 insleaione
1129 3348 1243 3421 extulit,

166 3435 325 3496 sedunum
347 3435 527 3512 (Feretri).
572 3436 646 3496 idem
668 3439 718 3515 qui
734 3444 850 3513 praeter
873 3432 948 3493 huuc
974 3437 1041 3494 ausi
1061 3438 1133 3506 sint,
1158 3433 1242 3495 que·

165 3519 259 3579 nalem
282 3524 395 3581 inuenio
415 3519 475 3597 (Vl,
492 3521 553 3582 385
577 3523 740 3581 nominis
755 3516 859 3600 Appi)
873 3529 899 3579 et
915 3517 1049 3580 Senecam
1065 3524 1117 3599 qui
1128 3523 1241 3598 scripsit

165 3608 197 3663 in
218 3602 373 3684 Hippolyta
401 3607 634 3668 1022111111
657 3605 840 3684 Epidauri
867 3604 933 3664 dei.
979 3603 1072 3663 cl.'B.
1096 3603 1240 3664 Schmidt.

165 3706 194 3767 p.
219 3690 237 3751 0
261 3706 305 3767 sq.
349 3689 446 3767 itaque
469 3708 507 3750 ne
529 3689 586 3750 hoe
608 3691 727 3768 quidem
750 3689 879 3749 Senecae
902 3687 1106 3766 imputandum
1132 3697 1186 3749 est.

181 3808 367 3815 ———...-

250 3871 272 3937 ⁶)
291 3871 322 3923 11,
334 3869 398 3923 Stat.
409 3871 489 3923 theb.
503 3872 532 3937 ll,
548 3876 597 3927 502
610 3866 712 3922 medias
730 3873 783 3922 alte
799 3877 872 3922 11111
890 3886 985 3937 aspera
1003 3885 1084 3937 rupes
1101 3873 1237 3936 semita,

165 3955 245 4007 quarn
262 3941 352 3990 subter
370 3944 477 4006 eampi
495 3942 647 4007 1111111111
666 3941 727 3990 latis
745 3955 812 3991 arua
829 3943 918 3990 1111111
935 3941 1040 4005 spatiis.
