2580 4366
159 227 223 292 214
544 245 574 288 n.
596 244 699 287 annm
722 223 848 286 sennenn

160 396 265 456 ardore
287 412 386 456 sacrae
407 394 529 472 virginis
551 394 607 455 iam
629 404 692 456 tum
720 397 831 457 furens.

161 500 222 542 non
247 480 330 541 illum
354 479 481 540 Achilles
502 480 583 542 flexit
605 481 767 542 indomitus
790 480 889 556 minis,

162 585 223 627 non
246 566 295 626 ille
318 565 399 626 solus
421 566 479 626 lata
500 565 552 643 qui
576 566 678 626 mundi
701 566 788 639 videt,

160 651 191 711 in
215 669 270 711 nos
292 649 386 710 fidelis
408 667 511 727 augur,
534 651 565 711 in
589 660 687 730 captas
709 651 791 722 levis,

161 753 221 795 non
245 734 374 814 populus
396 753 484 813 aeger
506 745 535 796 et
557 737 723 797 relucentes
745 736 825 814 rogi:

160 820 238 881 inter
262 819 375 882 ruentis
398 820 537 882 Graeciae
560 832 688 896 stragem
711 820 841 881 ultimam

160 905 225 966 sine
246 906 331 966 hoste
352 905 446 966 vietus
467 923 578 968 marcet
600 925 633 967 ae
655 905 762 966 Veneri
785 914 866 966 vacat

162 998 336 1069 reparatque
358 1008 488 1062 amores;
513 1009 586 1052 nere
608 992 742 1051 desertus
764 993 841 1050 soret

159 1093 175 1134 a
198 1074 309 1154 paelice
331 1093 470 1154 umquam
494 1075 615 1136 barbara
638 1075 752 1136 caelebs
778 1083 872 1150 torus,

52 1223 53 1227 ,
162 1159 285 1220 ablatam
309 1159 414 1221 Achilli
437 1160 532 1238 diligit
553 1160 724 1240 Lyrnesida,

160 1263 216 1307 nec
238 1263 342 1324 rapere
366 1245 471 1324 puduit
493 1246 599 1306 esinu
623 1244 750 1306 avulsam
773 1245 826 1306 riri
849 1279 891 1290 -

160 1349 198 1390 en
220 1329 333 1391 Paridis
355 1331 480 1391 hostem.
527 1349 608 1391 nune
630 1348 738 1391 novum
762 1330 869 1391 vulnus
893 1348 1000 1409 gerens

159 1432 259 1475 amore
281 1414 425 1494 Phrygiae
448 1415 520 1477 vatis
542 1415 684 1476 incensus
706 1416 789 1488 lurit,

160 1508 190 1560 et
210 1508 279 1578 post
300 1511 421 1579 tropaea
441 1500 546 1561 Troica
568 1519 603 1561 ac
624 1519 741 1562 versum
763 1500 849 1560 llium

160 1595 263 1663 captae
278 1579 408 1647 'maritus
431 1594 541 1646 remeat
564 1595 593 1647 et
614 1585 721 1646 Priami
745 1603 847 1664 gener.

244 1671 416 1750 Accingere,
440 1671 554 1731 anime:
578 1671 654 1732 bella
677 1689 738 1732 non
760 1671 832 1731 levia
855 1688 990 1748 apparas.

158 1755 256 1815 scelus
278 1756 483 1833 occupandum
507 1764 561 1816 est.
604 1755 697 1836 pigra,
720 1774 808 1833 quem
833 1763 969 1834 expectas
992 1752 1091 1816 diem?

157 1838 279 1918 Pelopia
300 1839 445 1920 Phrygiae
466 1852 582 1920 sceptra
605 1841 674 1901 dum
697 1849 817 1902 teneant
840 1837 956 1901 nurus?

159 1943 195 1985 an
220 1932 249 1984 te
272 1934 425 1985 morantur
446 1925 575 2004 virgines
597 1925 700 1986 viduae
723 1925 801 1985 dorni

158 2008 295 2089 patrique
319 2009 439 2071 Orestes
462 2008 588 2071 similis‘l
622 2012 727 2071 horum
750 2020 779 2070 te
801 2010 874 2069 mala

158 2104 280 2155 ventura
302 2103 446 2170 moveant,
469 2095 557 2157 turbo
580 2095 647 2174 quis
669 2113 767 2157 rerum
793 2094 940 2155 imminet:

159 2179 241 2257 quid,
262 2179 380 2254 misera,
403 2178 523 2241 cessas?
554 2199 591 2241 en
614 2179 696 2242 adest
718 2180 794 2240 natis
815 2180 876 2242 tuis
895 2250 896 2253 Ἴ

157 2265 261 2325 furens
285 2284 420 2326 noverea.
465 2284 519 2345 per
541 2275 636 2338 tuum,
659 2265 683 2326 si
706 2265 789 2326 aliter
813 2265 925 2343 nequit,

157 2348 233 2409 latus
255 2350 388 2428 exigatur
410 2353 490 2411 ensis
512 2361 540 2411 et
564 2349 689 2429 perimat
711 2351 794 2410 duos.

157 2433 249 2495 misce
273 2453 419 2509 eruorem,
443 2435 534 2514 perde
556 2434 709 2513 pereundo
732 2435 845 2494 virum:

157 2535 238 2579 mors
260 2520 366 2580 misera
390 2537 449 2580 non
474 2529 518 2580 est
540 2519 683 2580 commori
705 2537 773 2579 cum
796 2537 856 2598 quo
879 2518 959 2578 velis.

157 2622 240 2663 rrvra.
284 2603 407 2681 Regina,
431 2605 513 2664 irena
536 2614 626 2664 temet
650 2615 679 2664 et
701 2604 771 2664 siste
793 2605 922 2683 impetus

159 2698 188 2749 et
211 2698 318 2768 quanta
341 2697 466 2769 temptes
489 2691 600 2768 cogita:
624 2689 717 2750 victor
740 2691 818 2750 venit

157 2773 242 2834 Asiae
265 2774 382 2849 lerocis,
406 2774 486 2835 ultor
507 2774 654 2852 Europae,
677 2775 765 2835 trahit

158 2858 269 2938 captiva
292 2858 432 2938 Pergama
455 2867 483 2920 et
506 2859 557 2920 diu
581 2859 672 2921 victos
694 2858 841 2939 Phrygem

157 2944 239 3004 hunc
260 2944 363 3004 lraudc
386 2962 468 3004 nuno
490 2944 608 3005 conaris
630 2953 659 3004 et
680 2945 760 3005 furto
783 2941 914 3020 aggredi,

157 3046 246 3106 quem
269 3047 329 3088 non
354 3027 481 3089 Achilles
505 3047 575 3089 ense
597 3029 713 3089 violavit
734 3031 807 3101 lero,

157 3113 289 3192 quamvis
312 3131 468 3191 procacem
491 3121 591 3174 torvus
614 3122 755 3174 armasset
776 3130 907 3187 manum,

156 3215 218 3260 non
241 3197 345 3258 melior
367 3198 438 3259 Aiax
461 3206 555 3259 morte
578 3199 695 3259 decreta
717 3200 831 3272 furens,

157 3301 219 3342 non
242 3283 303 3342 sola
325 3282 433 3344 llanais
456 3282 565 3343 Hector
588 3291 618 3344 et
639 3275 716 3344 bello
738 3300 831 3354 mora,

156 3384 218 3428 non
241 3367 297 3428 tela
320 3366 433 3427 Paridis
457 3377 546 3441 certa,
571 3387 630 3428 non
655 3367 794 3429 Memnon
820 3368 914 3445 niger,

156 3470 217 3514 non
241 3451 376 3513 Xanthus
398 3452 487 3513 armis
510 3470 636 3532 corpora
658 3451 797 3513 immixtis
820 3469 926 3530 gerens

155 3537 324 3616 fluctusque
347 3537 455 3598 Simois
477 3536 566 3599 caede
589 3556 757 3617 purpureos
781 3554 881 3616 agens,

158 3659 361 3668 ——1————-

244 3708 289 3756 tur
310 3704 374 3771 virg.
392 3709 492 3755 tantum
510 3709 530 3767 ς
602 3707 650 3757 182
669 3718 719 3755 om.
737 3704 762 3754 n
833 3706 880 3756 185
900 3718 968 3769 urnq.
986 3701 1029 3752 vel
1046 3717 1109 3754 suns
1127 3704 1193 3756 coel.
1210 3705 1236 3754 A

157 3775 205 3824 186
224 3771 336 3824 Briseida
356 3772 450 3832 t-dam
467 3775 497 3837 ς)
514 3772 540 3823 A
627 3775 673 3824 187
694 3772 792 3822 vulsum
810 3772 836 3821 A
925 3773 970 3822 188
989 3785 1021 3821 en
1050 3769 1147 3836 rapidis
1167 3770 1194 3823 lr,
1210 3771 1236 3822 E

158 3842 206 3892 180
224 3839 330 3907 trophea
349 3840 444 3892 uoiace
461 3840 486 3890 lt
557 3842 605 3892 199
623 3838 693 3890 alind
711 3840 799 3906 nequit
811 3840 836 3890 A
905 3841 954 3891 201
975 3837 1098 3905 perfunde
1116 3837 1236 3890 virumE

156 3910 205 3961 203
223 3908 346 3974 impeturn
364 3908 445 3972 vulgo
464 3907 696 3971 postSorioerr'um
714 3913 809 3957 contro
822 3907 898 3957 codd.
951 3909 1001 3958 204
1020 3910 1136 3969 tentas&
1185 3909 1233 3959 20¹1

146 3983 175 4029 et
192 3976 226 4044 1,]
240 3977 332 4030 insana
351 3973 377 4032 A
447 3978 497 4030 213
516 3975 623 4028 sentitus
642 3975 674 4026 Ε.
690 4003 724 4012 -
741 3975 854 4026 immixta
873 3974 923 4025 EA
941 3990 1011 4026 corr.
1029 3977 1049 4037 ς
