2580 4366
108 197 147 258 10
496 213 525 254 n.
541 213 644 256 anuum
658 214 786 257 suuncio

105 364 228 426 Arcadia
243 373 363 444 quatere
379 381 499 424 nemora
513 363 688 427 Maenalium
704 384 798 441 suem,

106 459 283 529 taurumque
295 456 413 510 eentum
431 468 490 511 non
507 449 599 509 levem
614 451 734 530 populis
752 449 886 513 metum?

105 536 183 595 inter
198 543 327 596 remotos
345 535 441 612 gentis
456 533 615 613 Hesperiae
631 553 735 615 greges

106 630 207 699 pastor
222 619 364 680 triformis
379 617 474 681 litoris
489 619 612 680 Tartesii

105 713 287 785 peremptus,
303 712 366 764 acta
381 712 425 764 est
439 705 545 784 praeda
560 704 596 765 ab
612 724 719 767 occasu
735 706 854 782 ultimo;

106 798 209 851 notum
226 787 382 851 Cithaeron
398 789 476 868 pavit
491 789 610 851 Oceano
626 809 726 870 pecus.

103 885 261 954 penetrare
276 875 375 935 iussus
391 875 461 936 solis
476 875 576 935 aestivi
592 874 691 954 plagas

106 969 135 1020 et
150 959 252 1021 adusta
267 959 382 1020 medius
393 975 483 1036 regna
499 978 573 1039 quae
589 970 681 1022 torret
696 961 757 1022 lies

105 1045 255 1124 utrimque
269 1052 386 1104 montes
402 1044 488 1105 solvit
502 1063 536 1105 ae
551 1054 640 1124 rupto
655 1046 739 1107 obice

106 1130 192 1192 latam
208 1130 305 1191 ruenti
321 1128 390 1189 lecit
405 1126 524 1190 Oceano
540 1129 624 1190 viam.

106 1224 174 1295 post
188 1215 260 1275 haee
274 1214 394 1275 adortus
410 1215 541 1275 nemoris
556 1215 690 1295 opulenti
706 1215 808 1277 domos

106 1299 232 1361 aurifera
247 1299 342 1377 vigilis
357 1298 451 1378 spolia
466 1300 612 1379 serpentis
628 1301 710 1375 tulit3
779 1319 781 1324 ’

107 1382 201 1464 quid?
223 1403 305 1445 saeva
317 1384 431 1444 Lernae
446 1395 587 1459 monstra,
605 1403 797 1447 numerosum
812 1384 931 1462 malum,

106 1489 167 1532 non
183 1469 252 1547 igne
268 1469 386 1530 demum
400 1470 470 1530 vicit
485 1479 514 1531 et
529 1469 628 1531 docuit
643 1471 728 1545 mori,

82 1580 88 1595 „
106 1555 265 1633 solitasque
281 1555 388 1634 pennis
403 1555 532 1615 condere
547 1554 681 1618 obductis
696 1556 772 1617 diem

105 1641 180 1721 petit
193 1640 228 1700 ab
245 1640 317 1719 ipsis
333 1638 462 1702 nubibus
478 1638 715 1719 Stymphalidas?

107 1745 166 1787 non
184 1724 251 1786 vicit
266 1724 349 1785 illum
366 1725 485 1785 caelibis
500 1742 617 1805 semper
632 1726 689 1786 tori
713 1696 745 1755 s

105 1811 208 1890 regina
223 1811 319 1889 gentis
335 1809 420 1870 vidua
434 1810 692 1886 Thermodontiae,

106 1914 162 1957 nec
177 1895 211 1956 ael
228 1913 315 1956 omne
332 1895 441 1956 clarum
458 1895 713 1958 lacinus'andaces
727 1913 833 1957 manus

106 1980 212 2042 stabuli
229 1979 337 2058 fugavit
352 1981 448 2058 turpis
463 1981 556 2059 Augei
571 1980 662 2041 labor.

191 2064 267 2136 Quid
283 2064 337 2126 ista
353 2062 503 2144 prosunt?
519 2065 590 2126 orbe
606 2066 727 2127 defenso
744 2074 831 2127 earet.

42 2212 46 2222 ,
106 2168 227 2212 sensere
243 2158 337 2211 terrae
353 2149 434 2230 pacis
450 2160 601 2211 auctorem
616 2170 686 2212 suae

106 2235 224 2296 abesse:
241 2253 345 2296 rursus
361 2253 537 2315 prosperum
549 2254 583 2296 ac
598 2236 666 2297 lelix
683 2236 779 2297 scelus

107 2322 199 2381 virtus
214 2330 350 2393 vocatur3
367 2320 503 2381 sontibus
519 2330 622 2401 parent
640 2320 720 2394 boni,

106 2406 152 2466 ius
168 2405 256 2465 estin
273 2405 372 2480 armis,
388 2406 531 2484 opprimit
545 2406 625 2484 leges
640 2406 738 2467 timor.

106 2498 174 2552 ante
189 2507 239 2549 ora
255 2489 311 2549 vidi
330 2498 430 2551 nostra
445 2490 612 2552 truculenta
626 2510 715 2552 manu

106 2584 191 2636 natos
206 2574 321 2653 paterni
338 2575 441 2636 cadere
455 2576 540 2653 regni
555 2577 685 2638 vindices

106 2662 273 2741 ipsumque,
289 2657 388 2721 Cadmi
404 2660 512 2722 nobilis
527 2662 649 2741 stirpem
665 2661 807 2733 ultimam,

106 2745 251 2815 occidere,
267 2744 323 2804 vidi
339 2745 453 2822 regium
469 2746 557 2825 capiti
573 2746 663 2807 decus

107 2849 174 2892 cum
189 2829 283 2909 capite
298 2838 414 2909 raptum
430 2864 473 2874 -
488 2831 555 2909 quis
570 2831 640 2892 satis
654 2830 768 2891 Thebas
784 2825 874 2890 fleat‘l

106 2918 185 2976 lerax
201 2915 323 2975 deorum
339 2922 426 2990 terra,
445 2934 532 2995 quem
550 2917 701 2977 dominum
716 2910 842 2976 tremis?

107 3022 121 3063 e
138 3001 223 3061 cuius
238 3000 313 3060 arvis
327 3017 402 3078 eque
416 3001 545 3062 seeundo
561 3001 626 3062 sinu

106 3086 208 3148 stricto
228 3085 366 3145 iuventus
382 3096 445 3146 orta
461 3105 531 3146 eum
544 3087 622 3147 lerro
638 3086 717 3147 stetit

106 3171 250 3250 cuiusque
265 3187 367 3230 muros
383 3180 468 3231 natus
484 3171 631 3251 Amphion
647 3170 714 3232 love

105 3255 212 3317 struxit
226 3272 336 3315 canoro
352 3274 418 3315 saxa
434 3256 583 3317 modulatu
599 3256 729 3329 trahens,

105 3343 135 3402 in
152 3341 237 3402 cuius
253 3339 357 3401 urbem
374 3358 433 3400 non
450 3342 539 3401 semel
557 3342 653 3402 divum
672 3358 779 3420 parens

192 3541 241 3593 232
259 3539 405 3592 carcesiiE
473 3544 523 3594 236
550 3556 598 3606 que
615 3541 675 3593 2m.
694 3556 728 3590 eae
746 3552 795 3606 qua
814 3537 839 3588 Ε
906 3538 955 3590 237
975 3508 1149 3602 abrupeool‘

106 3611 227 3657 eorraoeit
245 3607 395 3659 Gronovius
480 3611 529 3662 233
554 3614 580 3661 et
597 3609 647 3660 iam
665 3608 747 3660 ruenti
765 3608 789 3658 A
875 3607 925 3659 239
950 3604 1051 3657 domos:
1066 3613 1092 3653 ol
1104 3589 1149 3647 l*

106 3674 230 3726 enusE
312 3679 362 3728 243
385 3677 489 3743 pennis:
512 3677 725 3729 etueoilr
802 3676 852 3729 243
876 3658 1151 3726 substiterant*

106 3742 172 3794 bulis
195 3743 279 3807 (rma
307 3743 401 3795 stabuli
418 3747 453 3809 Σ)
471 3741 926 3811 E.—angaei:n2m.0oenll
1016 3742 1061 3795 251
1083 3726 1151 3787 W

105 3811 179 3861 terris
197 3811 272 3861 codd.
292 3815 413 3862 correxit
428 3812 461 3862 de
480 3813 661 3865 Wilumowitz
739 3814 787 3865 252
811 3809 944 3878 capitis-A
1020 3808 1066 3861 239
1085 3783 1151 3855 Μ

106 3880 138 3997 ς,
156 3878 218 3996 3ῗ.
232 3882 249 3930 i'.
262 3894 316 3931 rus.
335 3894 369 3928 aa
386 3881 473 3932 tremis
491 3887 521 3930 ut
538 3881 628 3932 viulo*
645 3885 746 3947 (tremet
759 3882 794 3940 Σ)
862 3881 912 3933 262
930 3882 1019 3930 natur:
1036 3888 1065 3927 ua
1080 3874 1095 3923 ι’.
1108 3867 1150 3915 2⁰³·

133 3962 166 3996 m.
