2580 4366
143 212 205 279 288
525 233 552 274 t.
575 233 680 276 sunam
703 234 830 277 snnncnn

143 384 271 460 alumna,
295 383 381 444 dolor
403 390 464 457 est;
492 384 579 464 culpa
602 403 654 464 par
678 385 778 445 odium
802 385 905 463 exigat.

144 487 198 532 cur
220 487 304 530 saera
325 468 449 529 modicis
472 467 599 531 statuis?
626 478 658 531 ut
680 469 757 531 laesa
780 487 811 529 es
835 470 909 531 dole.

144 574 200 615 nm.
252 554 326 614 Leve
351 571 415 614 esse
438 554 533 614 credis
555 554 696 633 paelicem
720 564 829 633 nuptae
852 554 988 616 malurn?

144 638 288 718 quidquid
311 637 443 699 dolorem
466 639 569 717 pascit,
592 640 649 700 hoc
672 639 805 700 nimium*
819 648 900 718 puta.

145 743 208 785 urr.
253 724 382 784 Amorne
405 723 475 785 clari
498 723 573 802 sugit
595 723 711 785 Alcidae
733 721 809 783 tibi?

144 828 202 870 uni.
254 808 320 868 Non
343 808 427 886 fugit,
451 809 545 884 altrix,
568 817 700 870 remanet
723 817 751 869 et
773 808 892 887 penitus
914 811 1001 872 sedet

145 895 220 955 fixus
242 893 389 965 medullis,
413 894 516 968 crede;
540 894 590 954 sed
614 911 739 971 magnus
762 892 846 953 dolor

145 981 237 1040 iratus
259 996 342 1038 amor
365 986 417 1038 est.
472 998 535 1038 nur.
581 977 701 1040 Artibus
724 978 843 1056 magicis
867 979 928 1039 lere

147 1063 284 1141 coniugia
307 1071 418 1142 nuptae
440 1063 579 1141 precibus
602 1061 737 1124 admixtis
759 1063 861 1141 ligant.

146 1166 269 1210 vernare
291 1148 364 1208 iussi
387 1148 498 1225 frigore
520 1148 550 1209 in
573 1148 670 1208 medio
694 1165 799 1208 nemus

146 1233 329 1310 missumque
351 1233 464 1294 lulmen
487 1242 579 1307 stare;
604 1234 742 1293 concussi
764 1232 873 1293 fretum

147 1324 281 1399 cessante
303 1325 401 1393 vento,
424 1317 575 1378 turbidum
598 1317 724 1397 explicui
747 1335 827 1378 mare

148 1410 177 1464 et
198 1401 275 1462 sicca
297 1401 384 1463 tellus
406 1402 539 1463 lontibus
562 1403 657 1481 patuit
679 1402 779 1476 novis;

147 1486 277 1548 habuere
299 1496 410 1546 motum
434 1505 510 1561 saxa,
534 1487 659 1548 discussi
681 1487 699 1548 †
726 1487 819 1559 lores3

148 1571 269 1632 umbrae
291 1571 413 1633 stetistis
436 1581 465 1632 et
487 1590 550 1633 mea
573 1572 646 1632 iussi
670 1589 758 1651 prece

148 1673 249 1717 manes
272 1654 421 1731 locuntur,
445 1657 536 1717 tacuit
558 1656 695 1717 infernus
718 1655 815 1729 canis;

148 1760 207 1802 nox
229 1740 325 1801 media
347 1740 438 1801 solem
461 1739 533 1801 vidit
555 1750 584 1801 et
606 1749 723 1801 noctem
746 1739 823 1801 dies:

147 1843 228 1887 mare
250 1834 328 1886 terra
350 1825 462 1886 caelum
486 1835 514 1886 et
536 1825 675 1887 Tartarus
696 1825 785 1886 servit
806 1823 877 1884 mibi

150 1910 283 1989 nihilque
305 1910 385 1986 leges
407 1909 443 1971 ad
466 1929 547 1972 meos
570 1918 674 1971 cantus
697 1917 792 1971 tenet:

35 2030 39 2036 -
148 1996 301 2056 flectemus
323 1994 416 2070 illum,
440 1996 569 2057 carmina
591 1995 742 2056 invenient
764 1993 829 2054 iter.

148 2099 205 2140 nni.
258 2079 336 2150 Quas
360 2079 473 2142 Pontus
495 2080 601 2141 barbas
622 2088 744 2159 generat
765 2087 816 2139 aut
838 2095 910 2157 quas
932 2077 1080 2142 Thessala

149 2165 204 2226 sub
227 2182 303 2243 rupe
326 2162 437 2226 Pindus
461 2165 566 2226 †aluit
589 2165 639 2227 ubi
662 2163 808 2225 inveniam
831 2161 939 2224 malum

150 2249 198 2311 cui
222 2250 305 2310 cedat
327 2246 399 2309 ille?
428 2251 558 2311 carmine
581 2250 611 2311 in
634 2258 727 2311 terras
749 2265 835 2325 mago

150 2334 308 2395 descendat
330 2334 417 2395 astris
440 2335 524 2396 Luna
547 2334 670 2396 desertis
693 2334 762 2395 licet

150 2427 179 2479 et
201 2418 303 2479 bruma
327 2419 437 2479 messes
459 2419 554 2480 videat
575 2428 604 2479 et
626 2426 713 2480 cantu
736 2419 824 2496 fugax

150 2511 208 2565 stet
230 2503 447 2583 deprehensum
470 2503 580 2564 lulmen
605 2511 634 2564 et
657 2521 738 2565 versa
760 2503 823 2564 vice

150 2587 265 2649 medius
288 2587 395 2648 coactis
418 2588 526 2649 ferveat
548 2587 641 2649 stellis
664 2588 741 2649 dies:

151 2692 212 2734 non
235 2672 333 2733 flectet
355 2671 447 2733 illum.
491 2692 554 2733 uvr.
600 2672 675 2733 Vicit
697 2682 725 2734 et
747 2689 874 2752 superos
897 2670 994 2729 Amor.

151 2776 207 2818 nnr.
258 2756 399 2816 Vincetur
420 2758 473 2817 uni
495 2758 600 2819 forsan
620 2768 649 2819 et
670 2758 799 2837 spolium
822 2754 901 2817 dabit

151 2842 302 2920 Amorque
324 2859 457 2902 summus
480 2843 530 2902 liet
551 2842 668 2904 Alcidae
690 2843 782 2905 labor.
805 2878 847 2886 -

151 2926 202 2987 sed
224 2933 254 2986 te
276 2943 329 3004 per
353 2944 440 2988 omne
463 2927 599 2988 caelitum
623 2947 734 2997 numen
757 2944 875 3006 precor,

151 3028 204 3089 per
227 3012 308 3072 bunc
330 3011 481 3072 timorem:
505 3013 649 3092 quidquid
672 3013 770 3074 arcani
794 3027 903 3091 apparo

151 3095 271 3173 penitus
294 3097 439 3158 recondas
462 3106 491 3159 et
513 3098 570 3158 lide
591 3097 678 3159 tacita
700 3115 827 3177 premas.

236 3282 286 3334 445
305 3281 379 3348 culpa
389 3280 504 3398 propius
522 3280 650 3347 exigstd
710 3282 761 3333 446
780 3285 808 3331 ut
825 3292 901 3347 passa
920 3277 990 3329 esA
1054 3280 1105 3330 441
1128 3277 1229 3346 paelicis

152 3348 229 3400 codd.
249 3351 370 3400 consuit
411 3351 539 3399 ronouius
590 3351 640 3400 448
658 3346 685 3398 id
703 3348 763 3399 nim.
782 3349 814 3401 A.
831 3376 866 3387 —
883 3361 975 3397 uorsus
993 3348 1101 3396 nutrici
1120 3347 1231 3407 datvs

151 3419 201 3469 452
220 3412 314 3468 lsre'ld
383 3419 432 3469 455
451 3417 609 3484 mixtumque
627 3416 723 3467 flumen
740 3416 765 3467 Ε
817 3419 866 3468 458
882 3413 990 3466 discussi
1009 3412 1117 3466 arbores
1133 3414 1138 3482 Ι
1154 3412 1231 3466 undae

151 3484 260 3536 stetistis
280 3484 400 3546 diatim
419 3488 522 3535 conieci
538 3483 647 3537 discussi
664 3483 758 3536 inferos
823 3486 873 3536 460
892 3480 977 3534 sonuit
997 3480 1021 3531 A
1040 3481 1117 3533 norit
1135 3481 1161 3533 Ε
1178 3497 1231 3534 cor·
1271 3516 1274 3525 .

152 3554 214 3602 rosi
231 3551 266 3613 os.
285 3552 307 3615 l,
324 3551 376 3604 224
444 3555 493 3605 461
514 3568 564 3605 om.
583 3552 608 3603 Ε
625 3551 722 3616 (delicit
742 3555 753 3604 1
773 3565 863 3604 versus
880 3556 913 3602 ul
927 3554 970 3614 s.),
994 3555 1056 3613 post
1074 3549 1129 3602 462
1146 3551 1232 3616 posrtit
1275 3585 1276 3590 η

152 3619 265 3670 Botbiuc
343 3622 392 3673 463
412 3623 499 3672 tenent
516 3620 566 3671 ΕΑ
587 3623 708 3671 correxit
724 3618 847 3684 Scaliger
864 3619 903 3684 (ς)
985 3619 1035 3670 465
1057 3630 1127 3685 quse
1152 3617 1232 3681 ΤΜ
1272 3618 1275 3623 “

152 3690 203 3740 466
222 3689 266 3739 aut
284 3687 327 3738 ubi
345 3689 371 3738 A
388 3686 446 3739 alit:
465 3688 508 3740 ubi
523 3691 649 3755 Peiporus
666 3687 718 3741 lale
736 3688 780 3739 ubi
795 3686 899 3737 Birlius
951 3687 999 3738 461
1020 3686 1095 3738 terris
1107 3685 1134 3737 Ε
1187 3684 1231 3738 468

153 3753 292 3807 descendat
308 3755 334 3807 in
359 3759 427 3808 astra
450 3756 509 3807 luna
528 3754 643 3808 discedat
662 3755 722 3808 licet
739 3755 764 3806 Ε
838 3757 888 3806 416
907 3753 940 3806 sit
958 3751 1030 3822 depr.
1049 3753 1082 3809 A.
1102 3783 1139 3793 —
1157 3754 1175 3807 1.
1192 3750 1231 3805 td·

152 3836 226 3873 versa
245 3838 270 3874 v.
288 3821 313 3872 Ε
390 3827 439 3876 411
460 3839 492 3875 m.
511 3839 532 3876 c.
551 3823 686 3891 lugeritA
763 3824 812 3874 412
832 3839 856 3875 n.
875 3821 893 3873 1.
911 3837 990 3872 unum
1016 3821 1094 3875 codd.
1114 3822 1232 3875 conscit

152 3887 294 3941 Ricbtams
311 3891 423 3953 (stood.
441 3890 524 3943 Laur.
542 3892 584 3958 37,
602 3891 637 3956 6).
655 3920 688 3930 -
707 3906 798 3942 uorsus
817 3895 886 3942 totus
899 3891 1048 3941 Deianirae
1062 3897 1100 3943 sal
1116 3891 1141 3943 Ε
1187 3888 1229 3943 411

149 3954 228 4010 fidem
248 3958 351 4011 tacitam
371 3959 497 4029 exprimas
515 3959 540 4010 Ε
