<?xml version="1.0" encoding="UTF-8"?>
<!DOCTYPE html PUBLIC "-//W3C//DTD XHTML 1.0 Transitional//EN"
    "http://www.w3.org/TR/xhtml1/DTD/xhtml1-transitional.dtd">
<html xmlns="http://www.w3.org/1999/xhtml" xml:lang="en" lang="en">
 <head>
  <title>
</title>
<meta http-equiv="Content-Type" content="text/html;charset=utf-8" />
  <meta name='ocr-system' content='tesseract 3.04.00' />
  <meta name='ocr-capabilities' content='ocr_page ocr_carea ocr_par ocr_line ocrx_word'/>
</head>
<body>
  <div class='ocr_page' id='page_1' title='image "./tragoediae00leogoog_0473.png"; bbox 0 0 2580 4366; ppageno 0'>
   <div class='ocr_carea' id='block_1_1' title="bbox 162 205 849 268">
    <p class='ocr_par' dir='ltr' id='par_1_1' title="bbox 162 205 849 268">
     <span class='ocr_line' id='line_1_1' title="bbox 162 205 849 268; baseline 0 -2"><span class='ocrx_word' id='word_1_1' title='bbox 162 205 221 268; x_wconf 85' lang='lat'>190</span> <span class='ocrx_word' id='word_1_2' title='bbox 545 223 571 265; x_wconf 81' lang='lat' dir='ltr'>L.</span> <span class='ocrx_word' id='word_1_3' title='bbox 596 223 701 265; x_wconf 73' lang='lat' dir='ltr'>unusne</span> <span class='ocrx_word' id='word_1_4' title='bbox 722 224 849 266; x_wconf 74' lang='lat' dir='ltr'>sennenn</span> 
     </span>
    </p>
   </div>
   <div class='ocr_carea' id='block_1_2' title="bbox 159 373 953 623">
    <p class='ocr_par' dir='ltr' id='par_1_2' title="bbox 159 373 953 623">
     <span class='ocr_line' id='line_1_2' title="bbox 160 373 834 452; baseline 0.003 -19"><span class='ocrx_word' id='word_1_5' title='bbox 160 373 230 433; x_wconf 87' lang='lat' dir='ltr'>dum</span> <span class='ocrx_word' id='word_1_6' title='bbox 252 374 413 434; x_wconf 85' lang='lat' dir='ltr'>matutinos</span> <span class='ocrx_word' id='word_1_7' title='bbox 437 373 588 452; x_wconf 89' lang='lat' dir='ltr'>praedicet</span> <span class='ocrx_word' id='word_1_8' title='bbox 610 373 729 434; x_wconf 80' lang='lat' dir='ltr'><strong>Lucifer</strong></span> <span class='ocrx_word' id='word_1_9' title='bbox 752 384 834 435; x_wconf 91' lang='lat' dir='ltr'>ortus</span> 
     </span>
     <span class='ocr_line' id='line_1_3' title="bbox 160 457 953 537; baseline 0.005 -19"><span class='ocrx_word' id='word_1_10' title='bbox 160 458 277 537; x_wconf 90' lang='lat' dir='ltr'>altaque</span> <span class='ocrx_word' id='word_1_11' title='bbox 301 458 468 519; x_wconf 85' lang='lat' dir='ltr'>caeruleum</span> <span class='ocrx_word' id='word_1_12' title='bbox 491 458 562 518; x_wconf 81' lang='lat' dir='ltr'>duur</span> <span class='ocrx_word' id='word_1_13' title='bbox 585 457 678 519; x_wconf 85' lang='lat' dir='ltr'>Nerea</span> <span class='ocrx_word' id='word_1_14' title='bbox 701 461 814 521; x_wconf 79' lang='lat' dir='ltr'>nesciet</span> <span class='ocrx_word' id='word_1_15' title='bbox 837 463 953 537; x_wconf 74' lang='lat' dir='ltr'>Arctoe,</span> 
     </span>
     <span class='ocr_line' id='line_1_4' title="bbox 159 542 875 623; baseline 0.004 -21"><span class='ocrx_word' id='word_1_16' title='bbox 159 542 281 603; x_wconf 86' lang='lat' dir='ltr'>candida</span> <span class='ocrx_word' id='word_1_17' title='bbox 305 545 450 604; x_wconf 86' lang='lat' dir='ltr'>formonsi</span> <span class='ocrx_word' id='word_1_18' title='bbox 471 543 680 604; x_wconf 83' lang='lat' dir='ltr'>venerabimur</span> <span class='ocrx_word' id='word_1_19' title='bbox 703 564 754 605; x_wconf 88' lang='lat' dir='ltr'>ora</span> <span class='ocrx_word' id='word_1_20' title='bbox 778 545 875 623; x_wconf 80' lang='lat' dir='ltr'>Lyaei.</span> 
     </span>
    </p>
   </div>
   <div class='ocr_carea' id='block_1_3' title="bbox 518 694 679 756">
    <p class='ocr_par' dir='ltr' id='par_1_3' title="bbox 518 694 679 756">
     <span class='ocr_line' id='line_1_5' title="bbox 518 694 679 756; baseline 0.012 -2"><span class='ocrx_word' id='word_1_21' title='bbox 518 694 679 756; x_wconf 80' lang='lat' dir='ltr'>ouutrvs</span> 
     </span>
    </p>
   </div>
   <div class='ocr_carea' id='block_1_4' title="bbox 158 796 920 962">
    <p class='ocr_par' dir='ltr' id='par_1_4' title="bbox 158 796 920 962">
     <span class='ocr_line' id='line_1_6' title="bbox 244 796 920 876; baseline 0.001 -19"><span class='ocrx_word' id='word_1_22' title='bbox 244 797 308 857; x_wconf 81' lang='lat' dir='ltr'>Etsi</span> <span class='ocrx_word' id='word_1_23' title='bbox 330 797 395 876; x_wconf 88' lang='lat' dir='ltr'>ipse</span> <span class='ocrx_word' id='word_1_24' title='bbox 417 796 514 859; x_wconf 91' lang='lat' dir='ltr'>vultus</span> <span class='ocrx_word' id='word_1_25' title='bbox 537 797 649 858; x_wconf 89' lang='lat' dir='ltr'>flebiles</span> <span class='ocrx_word' id='word_1_26' title='bbox 673 798 802 875; x_wconf 80' lang='lat' dir='ltr'>praefert</span> <span class='ocrx_word' id='word_1_27' title='bbox 825 807 920 874; x_wconf 83' lang='lat' dir='ltr'>notas,</span> 
     </span>
     <span class='ocr_line' id='line_1_7' title="bbox 158 882 803 962; baseline 0 -21"><span class='ocrx_word' id='word_1_28' title='bbox 158 901 299 961; x_wconf 85' lang='lat' dir='ltr'>exprome</span> <span class='ocrx_word' id='word_1_29' title='bbox 323 883 407 942; x_wconf 89' lang='lat' dir='ltr'>cuius</span> <span class='ocrx_word' id='word_1_30' title='bbox 431 883 527 962; x_wconf 85' lang='lat' dir='ltr'>capite</span> <span class='ocrx_word' id='word_1_31' title='bbox 549 882 700 962; x_wconf 82' lang='lat' dir='ltr'>placemus</span> <span class='ocrx_word' id='word_1_32' title='bbox 723 883 803 943; x_wconf 87' lang='lat' dir='ltr'>deos.</span> 
     </span>
    </p>
   </div>
   <div class='ocr_carea' id='block_1_5' title="bbox 517 1032 617 1096">
    <p class='ocr_par' dir='ltr' id='par_1_5' title="bbox 517 1032 617 1096">
     <span class='ocr_line' id='line_1_8' title="bbox 517 1032 617 1096; baseline 0.04 -3"><span class='ocrx_word' id='word_1_33' title='bbox 517 1032 617 1096; x_wconf 83' lang='lat' dir='ltr'>CREO</span> 
     </span>
    </p>
   </div>
   <div class='ocr_carea' id='block_1_6' title="bbox 132 1134 1031 3500">
    <p class='ocr_par' dir='ltr' id='par_1_6' title="bbox 157 1134 806 1215">
     <span class='ocr_line' id='line_1_9' title="bbox 157 1134 806 1215; baseline 0 -19"><span class='ocrx_word' id='word_1_34' title='bbox 157 1135 224 1196; x_wconf 83' lang='lat' dir='ltr'>Fari</span> <span class='ocrx_word' id='word_1_35' title='bbox 247 1134 332 1196; x_wconf 88' lang='lat' dir='ltr'>iubes</span> <span class='ocrx_word' id='word_1_36' title='bbox 355 1145 452 1196; x_wconf 90' lang='lat' dir='ltr'>tacere</span> <span class='ocrx_word' id='word_1_37' title='bbox 475 1153 551 1215; x_wconf 87' lang='lat' dir='ltr'>quae</span> <span class='ocrx_word' id='word_1_38' title='bbox 574 1137 677 1197; x_wconf 83' lang='lat' dir='ltr'>suadet</span> <span class='ocrx_word' id='word_1_39' title='bbox 699 1146 806 1197; x_wconf 89' lang='lat' dir='ltr'>metus.</span> 
     </span>
    </p>

    <p class='ocr_par' dir='ltr' id='par_1_7' title="bbox 157 1221 965 1384">
     <span class='ocr_line' id='line_1_10' title="bbox 158 1221 965 1297; baseline 0.005 -17"><span class='ocrx_word' id='word_1_40' title='bbox 158 1239 224 1280; x_wconf 82' lang='lat' dir='ltr'>ouo.</span> <span class='ocrx_word' id='word_1_41' title='bbox 269 1221 300 1280; x_wconf 87' lang='lat' dir='ltr'>Si</span> <span class='ocrx_word' id='word_1_42' title='bbox 322 1231 352 1281; x_wconf 87' lang='lat' dir='ltr'>te</span> <span class='ocrx_word' id='word_1_43' title='bbox 374 1229 496 1280; x_wconf 87' lang='lat' dir='ltr'>ruentes</span> <span class='ocrx_word' id='word_1_44' title='bbox 519 1239 581 1280; x_wconf 93' lang='lat' dir='ltr'>non</span> <span class='ocrx_word' id='word_1_45' title='bbox 604 1221 674 1281; x_wconf 89' lang='lat' dir='ltr'>satis</span> <span class='ocrx_word' id='word_1_46' title='bbox 696 1221 814 1282; x_wconf 84' lang='lat' dir='ltr'>Thebae</span> <span class='ocrx_word' id='word_1_47' title='bbox 837 1234 965 1297; x_wconf 88' lang='lat' dir='ltr'>movent,</span> 
     </span>
     <span class='ocr_line' id='line_1_11' title="bbox 157 1304 885 1384; baseline 0.003 -19"><span class='ocrx_word' id='word_1_48' title='bbox 157 1316 186 1365; x_wconf 89' lang='lat' dir='ltr'>at</span> <span class='ocrx_word' id='word_1_49' title='bbox 208 1314 323 1384; x_wconf 86' lang='lat' dir='ltr'>sceptra</span> <span class='ocrx_word' id='word_1_50' title='bbox 348 1314 482 1365; x_wconf 86' lang='lat' dir='ltr'>moveant</span> <span class='ocrx_word' id='word_1_51' title='bbox 503 1304 584 1384; x_wconf 92' lang='lat' dir='ltr'>lapsa</span> <span class='ocrx_word' id='word_1_52' title='bbox 607 1316 748 1383; x_wconf 81' lang='lat' dir='ltr'>cognatae</span> <span class='ocrx_word' id='word_1_53' title='bbox 771 1307 885 1368; x_wconf 87' lang='lat' dir='ltr'>domus.</span> 
     </span>
    </p>

    <p class='ocr_par' dir='ltr' id='par_1_8' title="bbox 132 1390 1031 1894">
     <span class='ocr_line' id='line_1_12' title="bbox 158 1390 1031 1472; baseline 0.005 -22"><span class='ocrx_word' id='word_1_54' title='bbox 158 1409 203 1450; x_wconf 74' lang='lat' dir='ltr'>cn.</span> <span class='ocrx_word' id='word_1_55' title='bbox 268 1390 404 1451; x_wconf 87' lang='lat' dir='ltr'>Nescisse</span> <span class='ocrx_word' id='word_1_56' title='bbox 428 1390 530 1468; x_wconf 89' lang='lat' dir='ltr'>cupies</span> <span class='ocrx_word' id='word_1_57' title='bbox 554 1409 643 1452; x_wconf 90' lang='lat' dir='ltr'>nosse</span> <span class='ocrx_word' id='word_1_58' title='bbox 664 1410 740 1469; x_wconf 85' lang='lat' dir='ltr'>quae</span> <span class='ocrx_word' id='word_1_59' title='bbox 763 1391 887 1453; x_wconf 87' lang='lat' dir='ltr'>nimium</span> <span class='ocrx_word' id='word_1_60' title='bbox 911 1395 1031 1472; x_wconf 68' lang='lat' dir='ltr'>expetis·</span> 
     </span>
     <span class='ocr_line' id='line_1_13' title="bbox 157 1474 971 1554; baseline 0.004 -19"><span class='ocrx_word' id='word_1_61' title='bbox 157 1494 223 1536; x_wconf 81' lang='lat' dir='ltr'>ono.</span> <span class='ocrx_word' id='word_1_62' title='bbox 268 1474 350 1535; x_wconf 89' lang='lat' dir='ltr'>lners</span> <span class='ocrx_word' id='word_1_63' title='bbox 373 1475 518 1536; x_wconf 87' lang='lat' dir='ltr'>malorum</span> <span class='ocrx_word' id='word_1_64' title='bbox 541 1476 705 1536; x_wconf 87' lang='lat' dir='ltr'>remedium</span> <span class='ocrx_word' id='word_1_65' title='bbox 728 1476 895 1554; x_wconf 86' lang='lat' dir='ltr'>ignorantia</span> <span class='ocrx_word' id='word_1_66' title='bbox 919 1489 971 1538; x_wconf 90' lang='lat' dir='ltr'>est.</span> 
     </span>
     <span class='ocr_line' id='line_1_14' title="bbox 156 1559 890 1639; baseline 0.004 -19"><span class='ocrx_word' id='word_1_67' title='bbox 156 1561 235 1620; x_wconf 89' lang='lat' dir='ltr'>itane</span> <span class='ocrx_word' id='word_1_68' title='bbox 258 1570 287 1620; x_wconf 90' lang='lat' dir='ltr'>et</span> <span class='ocrx_word' id='word_1_69' title='bbox 308 1561 410 1622; x_wconf 88' lang='lat' dir='ltr'>salutis</span> <span class='ocrx_word' id='word_1_70' title='bbox 433 1559 569 1639; x_wconf 88' lang='lat' dir='ltr'>publicae</span> <span class='ocrx_word' id='word_1_71' title='bbox 592 1561 735 1621; x_wconf 86' lang='lat' dir='ltr'>indicium</span> <span class='ocrx_word' id='word_1_72' title='bbox 759 1561 890 1623; x_wconf 79' lang='lat' dir='ltr'>obrues?</span> 
     </span>
     <span class='ocr_line' id='line_1_15' title="bbox 132 1644 925 1727; baseline 0.009 -25"><span class='ocrx_word' id='word_1_73' title='bbox 132 1665 202 1706; x_wconf 82' lang='lat' dir='ltr'>.ou.</span> <span class='ocrx_word' id='word_1_74' title='bbox 270 1644 325 1705; x_wconf 96' lang='lat' dir='ltr'>Vbi</span> <span class='ocrx_word' id='word_1_75' title='bbox 346 1645 444 1724; x_wconf 89' lang='lat' dir='ltr'>turpis</span> <span class='ocrx_word' id='word_1_76' title='bbox 468 1655 512 1707; x_wconf 90' lang='lat' dir='ltr'>est</span> <span class='ocrx_word' id='word_1_77' title='bbox 535 1645 691 1718; x_wconf 85' lang='lat' dir='ltr'>medicina,</span> <span class='ocrx_word' id='word_1_78' title='bbox 714 1645 811 1706; x_wconf 87' lang='lat' dir='ltr'>sanari</span> <span class='ocrx_word' id='word_1_79' title='bbox 834 1648 925 1727; x_wconf 83' lang='lat' dir='ltr'>piget.</span> 
     </span>
     <span class='ocr_line' id='line_1_16' title="bbox 157 1730 891 1809; baseline 0.004 -19"><span class='ocrx_word' id='word_1_80' title='bbox 157 1749 223 1790; x_wconf 83' lang='lat' dir='ltr'>ono.</span> <span class='ocrx_word' id='word_1_81' title='bbox 268 1731 376 1791; x_wconf 79' lang='lat' dir='ltr'>Audita</span> <span class='ocrx_word' id='word_1_82' title='bbox 399 1732 470 1802; x_wconf 85' lang='lat' dir='ltr'>sare,</span> <span class='ocrx_word' id='word_1_83' title='bbox 493 1731 537 1791; x_wconf 87' lang='lat' dir='ltr'>vel</span> <span class='ocrx_word' id='word_1_84' title='bbox 561 1730 637 1791; x_wconf 86' lang='lat' dir='ltr'>malo</span> <span class='ocrx_word' id='word_1_85' title='bbox 660 1731 788 1791; x_wconf 91' lang='lat' dir='ltr'>domitus</span> <span class='ocrx_word' id='word_1_86' title='bbox 812 1733 891 1809; x_wconf 83' lang='lat' dir='ltr'>gravi</span> 
     </span>
     <span class='ocr_line' id='line_1_17' title="bbox 157 1814 770 1894; baseline -0.002 -19"><span class='ocrx_word' id='word_1_87' title='bbox 157 1814 229 1894; x_wconf 91' lang='lat' dir='ltr'>quid</span> <span class='ocrx_word' id='word_1_88' title='bbox 253 1834 333 1875; x_wconf 88' lang='lat' dir='ltr'>arma</span> <span class='ocrx_word' id='word_1_89' title='bbox 355 1816 472 1894; x_wconf 89' lang='lat' dir='ltr'>possint</span> <span class='ocrx_word' id='word_1_90' title='bbox 495 1816 574 1893; x_wconf 87' lang='lat' dir='ltr'>regis</span> <span class='ocrx_word' id='word_1_91' title='bbox 597 1815 663 1876; x_wconf 89' lang='lat' dir='ltr'>irati</span> <span class='ocrx_word' id='word_1_92' title='bbox 686 1817 770 1876; x_wconf 87' lang='lat' dir='ltr'>scies.</span> 
     </span>
    </p>

    <p class='ocr_par' dir='ltr' id='par_1_9' title="bbox 156 1900 928 2149">
     <span class='ocr_line' id='line_1_18' title="bbox 156 1900 892 1979; baseline -0.003 -18"><span class='ocrx_word' id='word_1_93' title='bbox 156 1920 202 1961; x_wconf 87' lang='lat' dir='ltr'>en.</span> <span class='ocrx_word' id='word_1_94' title='bbox 271 1900 368 1961; x_wconf 88' lang='lat' dir='ltr'>Odere</span> <span class='ocrx_word' id='word_1_95' title='bbox 390 1919 476 1979; x_wconf 81' lang='lat' dir='ltr'>reges</span> <span class='ocrx_word' id='word_1_96' title='bbox 499 1900 575 1969; x_wconf 85' lang='lat' dir='ltr'>dicta</span> <span class='ocrx_word' id='word_1_97' title='bbox 599 1919 675 1979; x_wconf 88' lang='lat' dir='ltr'>quae</span> <span class='ocrx_word' id='word_1_98' title='bbox 698 1900 755 1960; x_wconf 91' lang='lat' dir='ltr'>dici</span> <span class='ocrx_word' id='word_1_99' title='bbox 779 1901 892 1961; x_wconf 89' lang='lat' dir='ltr'>iubent.</span> 
     </span>
     <span class='ocr_line' id='line_1_19' title="bbox 157 1984 928 2065; baseline 0.001 -20"><span class='ocrx_word' id='word_1_100' title='bbox 157 2005 223 2045; x_wconf 82' lang='lat' dir='ltr'>onn.</span> <span class='ocrx_word' id='word_1_101' title='bbox 267 1984 392 2046; x_wconf 86' lang='lat' dir='ltr'>Mitteris</span> <span class='ocrx_word' id='word_1_102' title='bbox 414 1985 512 2046; x_wconf 85' lang='lat' dir='ltr'>Erebo</span> <span class='ocrx_word' id='word_1_103' title='bbox 535 1986 591 2046; x_wconf 90' lang='lat' dir='ltr'>vile</span> <span class='ocrx_word' id='word_1_104' title='bbox 612 2004 668 2064; x_wconf 88' lang='lat' dir='ltr'>pro</span> <span class='ocrx_word' id='word_1_105' title='bbox 692 1986 807 2047; x_wconf 90' lang='lat' dir='ltr'>cunctis</span> <span class='ocrx_word' id='word_1_106' title='bbox 831 1996 928 2065; x_wconf 91' lang='lat' dir='ltr'>caput,</span> 
     </span>
     <span class='ocr_line' id='line_1_20' title="bbox 157 2066 724 2149; baseline -0.004 -18"><span class='ocrx_word' id='word_1_107' title='bbox 157 2066 272 2131; x_wconf 82' lang='lat' dir='ltr'>arcana</span> <span class='ocrx_word' id='word_1_108' title='bbox 286 2070 362 2130; x_wconf 87' lang='lat' dir='ltr'>sacri</span> <span class='ocrx_word' id='word_1_109' title='bbox 385 2088 456 2130; x_wconf 91' lang='lat' dir='ltr'>voce</span> <span class='ocrx_word' id='word_1_110' title='bbox 478 2070 509 2129; x_wconf 96' lang='lat' dir='ltr'>ni</span> <span class='ocrx_word' id='word_1_111' title='bbox 532 2070 641 2149; x_wconf 82' lang='lat' dir='ltr'>retegis</span> <span class='ocrx_word' id='word_1_112' title='bbox 665 2081 724 2131; x_wconf 82' lang='lat' dir='ltr'>tna.</span> 
     </span>
    </p>

    <p class='ocr_par' dir='ltr' id='par_1_10' title="bbox 156 2149 864 2216">
     <span class='ocr_line' id='line_1_21' title="bbox 156 2149 864 2216; baseline -0.003 0"><span class='ocrx_word' id='word_1_113' title='bbox 156 2176 202 2216; x_wconf 84' lang='lat' dir='ltr'>cu.</span> <span class='ocrx_word' id='word_1_114' title='bbox 268 2155 379 2215; x_wconf 82' lang='lat' dir='ltr'>Tacere</span> <span class='ocrx_word' id='word_1_115' title='bbox 402 2154 496 2216; x_wconf 90' lang='lat' dir='ltr'>liceat.</span> <span class='ocrx_word' id='word_1_116' title='bbox 542 2155 601 2216; x_wconf 90' lang='lat' dir='ltr'>ulla</span> <span class='ocrx_word' id='word_1_117' title='bbox 624 2155 744 2216; x_wconf 88' lang='lat' dir='ltr'>libertas</span> <span class='ocrx_word' id='word_1_118' title='bbox 767 2149 864 2216; x_wconf 91' lang='lat' dir='ltr'>minor</span> 
     </span>
    </p>

    <p class='ocr_par' dir='ltr' id='par_1_11' title="bbox 155 2238 979 2404">
     <span class='ocr_line' id='line_1_22' title="bbox 156 2238 979 2319; baseline -0.001 -18"><span class='ocrx_word' id='word_1_119' title='bbox 156 2260 172 2301; x_wconf 92' lang='lat' dir='ltr'>a</span> <span class='ocrx_word' id='word_1_120' title='bbox 194 2258 264 2318; x_wconf 82' lang='lat' dir='ltr'>rege</span> <span class='ocrx_word' id='word_1_121' title='bbox 287 2238 419 2319; x_wconf 79' lang='lat' dir='ltr'>petitur?</span> <span class='ocrx_word' id='word_1_122' title='bbox 465 2257 530 2299; x_wconf 81' lang='lat' dir='ltr'>oen.</span> <span class='ocrx_word' id='word_1_123' title='bbox 576 2241 670 2319; x_wconf 87' lang='lat' dir='ltr'>Saepe</span> <span class='ocrx_word' id='word_1_124' title='bbox 693 2241 739 2300; x_wconf 82' lang='lat' dir='ltr'>vel</span> <span class='ocrx_word' id='word_1_125' title='bbox 760 2240 864 2318; x_wconf 85' lang='lat' dir='ltr'>lingua</span> <span class='ocrx_word' id='word_1_126' title='bbox 886 2238 979 2318; x_wconf 81' lang='lat' dir='ltr'>magis</span> 
     </span>
     <span class='ocr_line' id='line_1_23' title="bbox 155 2325 807 2404; baseline -0.002 -19"><span class='ocrx_word' id='word_1_127' title='bbox 155 2326 218 2404; x_wconf 84' lang='lat' dir='ltr'>regi</span> <span class='ocrx_word' id='word_1_128' title='bbox 241 2335 329 2403; x_wconf 88' lang='lat' dir='ltr'>atque</span> <span class='ocrx_word' id='word_1_129' title='bbox 352 2343 446 2403; x_wconf 84' lang='lat' dir='ltr'>regno</span> <span class='ocrx_word' id='word_1_130' title='bbox 469 2334 550 2384; x_wconf 79' lang='lat' dir='ltr'>nanta</span> <span class='ocrx_word' id='word_1_131' title='bbox 573 2325 692 2385; x_wconf 87' lang='lat' dir='ltr'>libertas</span> <span class='ocrx_word' id='word_1_132' title='bbox 715 2325 807 2386; x_wconf 90' lang='lat' dir='ltr'>obest.</span> 
     </span>
    </p>

    <p class='ocr_par' dir='ltr' id='par_1_12' title="bbox 155 2404 995 2743">
     <span class='ocr_line' id='line_1_24' title="bbox 155 2404 995 2489; baseline -0.001 -19"><span class='ocrx_word' id='word_1_133' title='bbox 155 2429 200 2470; x_wconf 83' lang='lat' dir='ltr'>eu.</span> <span class='ocrx_word' id='word_1_134' title='bbox 267 2408 321 2469; x_wconf 92' lang='lat' dir='ltr'>Vbi</span> <span class='ocrx_word' id='word_1_135' title='bbox 344 2428 405 2468; x_wconf 91' lang='lat' dir='ltr'>non</span> <span class='ocrx_word' id='word_1_136' title='bbox 428 2409 498 2469; x_wconf 91' lang='lat' dir='ltr'>licet</span> <span class='ocrx_word' id='word_1_137' title='bbox 519 2404 626 2485; x_wconf 82' lang='lat' dir='ltr'>tacere,</span> <span class='ocrx_word' id='word_1_138' title='bbox 650 2409 721 2489; x_wconf 91' lang='lat' dir='ltr'>quid</span> <span class='ocrx_word' id='word_1_139' title='bbox 745 2410 882 2489; x_wconf 87' lang='lat' dir='ltr'>cuiquam</span> <span class='ocrx_word' id='word_1_140' title='bbox 905 2407 995 2471; x_wconf 82' lang='lat' dir='ltr'>licet?</span> 
     </span>
     <span class='ocr_line' id='line_1_25' title="bbox 156 2493 915 2575; baseline -0.001 -20"><span class='ocrx_word' id='word_1_141' title='bbox 156 2513 221 2555; x_wconf 85' lang='lat' dir='ltr'>ono.</span> <span class='ocrx_word' id='word_1_142' title='bbox 268 2494 394 2573; x_wconf 87' lang='lat' dir='ltr'>lmperia</span> <span class='ocrx_word' id='word_1_143' title='bbox 418 2493 504 2554; x_wconf 90' lang='lat' dir='ltr'>solvit</span> <span class='ocrx_word' id='word_1_144' title='bbox 527 2494 578 2573; x_wconf 83' lang='lat' dir='ltr'>qui</span> <span class='ocrx_word' id='word_1_145' title='bbox 600 2504 678 2554; x_wconf 89' lang='lat' dir='ltr'>tacet</span> <span class='ocrx_word' id='word_1_146' title='bbox 701 2496 800 2555; x_wconf 92' lang='lat' dir='ltr'>iussus</span> <span class='ocrx_word' id='word_1_147' title='bbox 823 2495 915 2575; x_wconf 89' lang='lat' dir='ltr'>loqui.</span> 
     </span>
     <span class='ocr_line' id='line_1_26' title="bbox 155 2578 929 2658; baseline 0.001 -19"><span class='ocrx_word' id='word_1_148' title='bbox 155 2599 200 2639; x_wconf 86' lang='lat' dir='ltr'>ou.</span> <span class='ocrx_word' id='word_1_149' title='bbox 268 2580 374 2639; x_wconf 82' lang='lat' dir='ltr'>Coacta</span> <span class='ocrx_word' id='word_1_150' title='bbox 395 2579 483 2639; x_wconf 85' lang='lat' dir='ltr'>verba</span> <span class='ocrx_word' id='word_1_151' title='bbox 505 2578 640 2657; x_wconf 88' lang='lat' dir='ltr'>placidus</span> <span class='ocrx_word' id='word_1_152' title='bbox 662 2579 789 2658; x_wconf 89' lang='lat' dir='ltr'>accipias</span> <span class='ocrx_word' id='word_1_153' title='bbox 812 2597 929 2658; x_wconf 89' lang='lat' dir='ltr'>precor.</span> 
     </span>
     <span class='ocr_line' id='line_1_27' title="bbox 155 2662 863 2743; baseline 0 -19"><span class='ocrx_word' id='word_1_154' title='bbox 155 2683 221 2724; x_wconf 82' lang='lat' dir='ltr'>oen.</span> <span class='ocrx_word' id='word_1_155' title='bbox 267 2662 363 2724; x_wconf 88' lang='lat' dir='ltr'>Vlline</span> <span class='ocrx_word' id='word_1_156' title='bbox 386 2682 482 2742; x_wconf 85' lang='lat' dir='ltr'>poena</span> <span class='ocrx_word' id='word_1_157' title='bbox 505 2664 584 2724; x_wconf 91' lang='lat' dir='ltr'>vocis</span> <span class='ocrx_word' id='word_1_158' title='bbox 608 2683 764 2743; x_wconf 87' lang='lat' dir='ltr'>expressae</span> <span class='ocrx_word' id='word_1_159' title='bbox 787 2662 863 2725; x_wconf 82' lang='lat' dir='ltr'>suit?</span> 
     </span>
    </p>

    <p class='ocr_par' dir='ltr' id='par_1_13' title="bbox 154 2747 968 2912">
     <span class='ocr_line' id='line_1_28' title="bbox 155 2747 968 2827; baseline 0 -18"><span class='ocrx_word' id='word_1_160' title='bbox 155 2768 200 2810; x_wconf 84' lang='lat' dir='ltr'>en.</span> <span class='ocrx_word' id='word_1_161' title='bbox 265 2747 320 2808; x_wconf 88' lang='lat' dir='ltr'>Est</span> <span class='ocrx_word' id='word_1_162' title='bbox 340 2749 446 2827; x_wconf 89' lang='lat' dir='ltr'>procul</span> <span class='ocrx_word' id='word_1_163' title='bbox 469 2749 504 2809; x_wconf 92' lang='lat' dir='ltr'>ab</span> <span class='ocrx_word' id='word_1_164' title='bbox 529 2749 603 2809; x_wconf 92' lang='lat' dir='ltr'>urbe</span> <span class='ocrx_word' id='word_1_165' title='bbox 626 2749 711 2810; x_wconf 88' lang='lat' dir='ltr'>lucus</span> <span class='ocrx_word' id='word_1_166' title='bbox 733 2748 851 2810; x_wconf 90' lang='lat' dir='ltr'>ilicibus</span> <span class='ocrx_word' id='word_1_167' title='bbox 874 2750 968 2826; x_wconf 84' lang='lat' dir='ltr'>niger,</span> 
     </span>
     <span class='ocr_line' id='line_1_29' title="bbox 154 2833 737 2912; baseline -0.003 -17"><span class='ocrx_word' id='word_1_168' title='bbox 154 2835 276 2895; x_wconf 89' lang='lat' dir='ltr'>Dircaea</span> <span class='ocrx_word' id='word_1_169' title='bbox 300 2833 378 2894; x_wconf 87' lang='lat' dir='ltr'>circa</span> <span class='ocrx_word' id='word_1_170' title='bbox 400 2833 482 2894; x_wconf 87' lang='lat' dir='ltr'>vallis</span> <span class='ocrx_word' id='word_1_171' title='bbox 505 2833 640 2912; x_wconf 85' lang='lat' dir='ltr'>inriguae</span> <span class='ocrx_word' id='word_1_172' title='bbox 662 2834 737 2894; x_wconf 86' lang='lat' dir='ltr'>loca.</span> 
     </span>
    </p>

    <p class='ocr_par' dir='ltr' id='par_1_14' title="bbox 156 2917 766 2998">
     <span class='ocr_line' id='line_1_30' title="bbox 156 2917 766 2998; baseline -0.003 -18"><span class='ocrx_word' id='word_1_173' title='bbox 156 2937 317 2998; x_wconf 90' lang='lat' dir='ltr'>cupressus</span> <span class='ocrx_word' id='word_1_174' title='bbox 339 2917 405 2979; x_wconf 89' lang='lat' dir='ltr'>altis</span> <span class='ocrx_word' id='word_1_175' title='bbox 428 2936 554 2979; x_wconf 81' lang='lat' dir='ltr'>exerens</span> <span class='ocrx_word' id='word_1_176' title='bbox 576 2918 655 2979; x_wconf 89' lang='lat' dir='ltr'>silvis</span> <span class='ocrx_word' id='word_1_177' title='bbox 678 2929 766 2998; x_wconf 89' lang='lat' dir='ltr'>caput</span> 
     </span>
    </p>

    <p class='ocr_par' dir='ltr' id='par_1_15' title="bbox 154 3003 846 3249">
     <span class='ocr_line' id='line_1_31' title="bbox 154 3003 795 3082; baseline -0.002 -18"><span class='ocrx_word' id='word_1_178' title='bbox 154 3005 267 3064; x_wconf 80' lang='lat' dir='ltr'>virente</span> <span class='ocrx_word' id='word_1_179' title='bbox 291 3022 409 3082; x_wconf 85' lang='lat' dir='ltr'>semper</span> <span class='ocrx_word' id='word_1_180' title='bbox 430 3003 528 3081; x_wconf 81' lang='lat' dir='ltr'>alligat</span> <span class='ocrx_word' id='word_1_181' title='bbox 550 3013 656 3064; x_wconf 83' lang='lat' dir='ltr'>trunco</span> <span class='ocrx_word' id='word_1_182' title='bbox 681 3021 795 3078; x_wconf 86' lang='lat' dir='ltr'>nemus,</span> 
     </span>
     <span class='ocr_line' id='line_1_32' title="bbox 155 3088 846 3169; baseline -0.003 -19"><span class='ocrx_word' id='word_1_183' title='bbox 155 3107 321 3169; x_wconf 88' lang='lat' dir='ltr'>curvosque</span> <span class='ocrx_word' id='word_1_184' title='bbox 342 3088 437 3148; x_wconf 84' lang='lat' dir='ltr'>tendit</span> <span class='ocrx_word' id='word_1_185' title='bbox 460 3107 589 3168; x_wconf 89' lang='lat' dir='ltr'>quercus</span> <span class='ocrx_word' id='word_1_186' title='bbox 611 3101 640 3148; x_wconf 89' lang='lat' dir='ltr'>et</span> <span class='ocrx_word' id='word_1_187' title='bbox 662 3099 765 3166; x_wconf 91' lang='lat' dir='ltr'>putres</span> <span class='ocrx_word' id='word_1_188' title='bbox 787 3088 846 3149; x_wconf 91' lang='lat' dir='ltr'>situ</span> 
     </span>
     <span class='ocr_line' id='line_1_33' title="bbox 154 3173 755 3249; baseline -0.003 -14"><span class='ocrx_word' id='word_1_189' title='bbox 154 3193 266 3236; x_wconf 92' lang='lat' dir='ltr'>annosa</span> <span class='ocrx_word' id='word_1_190' title='bbox 289 3192 403 3233; x_wconf 88' lang='lat' dir='ltr'>ramos:</span> <span class='ocrx_word' id='word_1_191' title='bbox 428 3173 517 3234; x_wconf 91' lang='lat' dir='ltr'>huius</span> <span class='ocrx_word' id='word_1_192' title='bbox 539 3173 658 3249; x_wconf 91' lang='lat' dir='ltr'>abrupit</span> <span class='ocrx_word' id='word_1_193' title='bbox 679 3173 755 3234; x_wconf 83' lang='lat' dir='ltr'>latus</span> 
     </span>
    </p>

    <p class='ocr_par' dir='ltr' id='par_1_16' title="bbox 155 3257 800 3334">
     <span class='ocr_line' id='line_1_34' title="bbox 155 3257 800 3334; baseline -0.003 -13"><span class='ocrx_word' id='word_1_194' title='bbox 155 3260 227 3321; x_wconf 85' lang='lat' dir='ltr'>edax</span> <span class='ocrx_word' id='word_1_195' title='bbox 249 3268 392 3334; x_wconf 82' lang='lat' dir='ltr'>vetustas3</span> <span class='ocrx_word' id='word_1_196' title='bbox 417 3257 474 3330; x_wconf 86' lang='lat' dir='ltr'>illa,</span> <span class='ocrx_word' id='word_1_197' title='bbox 498 3258 555 3318; x_wconf 88' lang='lat' dir='ltr'>iam</span> <span class='ocrx_word' id='word_1_198' title='bbox 578 3258 670 3319; x_wconf 87' lang='lat' dir='ltr'>scissa</span> <span class='ocrx_word' id='word_1_199' title='bbox 692 3258 800 3319; x_wconf 87' lang='lat' dir='ltr'>cadens</span> 
     </span>
    </p>

    <p class='ocr_par' dir='ltr' id='par_1_17' title="bbox 154 3342 721 3422">
     <span class='ocr_line' id='line_1_35' title="bbox 154 3342 721 3422; baseline -0.005 -17"><span class='ocrx_word' id='word_1_200' title='bbox 154 3345 261 3419; x_wconf 85' lang='lat' dir='ltr'>radice,</span> <span class='ocrx_word' id='word_1_201' title='bbox 285 3344 358 3404; x_wconf 89' lang='lat' dir='ltr'>lnlta</span> <span class='ocrx_word' id='word_1_202' title='bbox 380 3343 490 3422; x_wconf 91' lang='lat' dir='ltr'>pendet</span> <span class='ocrx_word' id='word_1_203' title='bbox 513 3343 607 3403; x_wconf 85' lang='lat' dir='ltr'>aliena</span> <span class='ocrx_word' id='word_1_204' title='bbox 629 3342 721 3404; x_wconf 89' lang='lat' dir='ltr'>trabe.</span> 
     </span>
    </p>

    <p class='ocr_par' dir='ltr' id='par_1_18' title="bbox 155 3427 736 3500">
     <span class='ocr_line' id='line_1_36' title="bbox 155 3427 736 3500; baseline -0.003 -10"><span class='ocrx_word' id='word_1_205' title='bbox 155 3447 251 3490; x_wconf 82' lang='lat' dir='ltr'>aurare</span> <span class='ocrx_word' id='word_1_206' title='bbox 274 3429 360 3490; x_wconf 88' lang='lat' dir='ltr'>bacas</span> <span class='ocrx_word' id='word_1_207' title='bbox 383 3429 484 3488; x_wconf 89' lang='lat' dir='ltr'>laurus</span> <span class='ocrx_word' id='word_1_208' title='bbox 507 3438 540 3500; x_wconf 57' lang='lat' dir='ltr'>et,</span> <span class='ocrx_word' id='word_1_209' title='bbox 558 3427 637 3489; x_wconf 88' lang='lat' dir='ltr'>tiliae</span> <span class='ocrx_word' id='word_1_210' title='bbox 659 3427 736 3488; x_wconf 85' lang='lat' dir='ltr'>leves</span> 
     </span>
    </p>
   </div>
   <div class='ocr_carea' id='block_1_7' title="bbox 153 3609 1237 4017">
    <p class='ocr_par' dir='ltr' id='par_1_19' title="bbox 153 3609 1237 4017">
     <span class='ocr_line' id='line_1_37' title="bbox 239 3609 1237 3677; baseline -0.006 -11"><span class='ocrx_word' id='word_1_211' title='bbox 239 3616 374 3666; x_wconf 74' lang='lat' dir='ltr'>eus-545</span> <span class='ocrx_word' id='word_1_212' title='bbox 394 3617 488 3662; x_wconf 73' lang='lat' dir='ltr'>extant</span> <span class='ocrx_word' id='word_1_213' title='bbox 510 3611 579 3662; x_wconf 75' lang='lat' dir='ltr'>tou</span> <span class='ocrx_word' id='word_1_214' title='bbox 633 3614 681 3664; x_wconf 80' lang='lat'>508</span> <span class='ocrx_word' id='word_1_215' title='bbox 700 3611 803 3662; x_wconf 83' lang='lat' dir='ltr'>formosi</span> <span class='ocrx_word' id='word_1_216' title='bbox 822 3609 869 3660; x_wconf 71' lang='lat' dir='ltr'>un</span> <span class='ocrx_word' id='word_1_217' title='bbox 922 3612 971 3662; x_wconf 88' lang='grc'>509</span> <span class='ocrx_word' id='word_1_218' title='bbox 989 3625 1103 3659; x_wconf 78' lang='lat' dir='ltr'>scaenae</span> <span class='ocrx_word' id='word_1_219' title='bbox 1121 3613 1237 3677; x_wconf 72' lang='lat' dir='ltr'>iuscrip-</span> 
     </span>
     <span class='ocr_line' id='line_1_38' title="bbox 155 3675 1236 3747; baseline 0 -17"><span class='ocrx_word' id='word_1_220' title='bbox 155 3686 210 3730; x_wconf 81' lang='lat' dir='ltr'>aum</span> <span class='ocrx_word' id='word_1_221' title='bbox 228 3679 366 3747; x_wconf 88' lang='lat' dir='ltr'>Oedippus.</span> <span class='ocrx_word' id='word_1_222' title='bbox 386 3681 448 3732; x_wconf 88' lang='lat' dir='ltr'>Grec</span> <span class='ocrx_word' id='word_1_223' title='bbox 466 3681 491 3730; x_wconf 99' lang='grc' dir='ltr'><em>Ε</em></span> <span class='ocrx_word' id='word_1_224' title='bbox 508 3678 629 3746; x_wconf 86' lang='lat' dir='ltr'>Oedipus.</span> <span class='ocrx_word' id='word_1_225' title='bbox 649 3679 729 3731; x_wconf 81' lang='lat' dir='ltr'>Creon</span> <span class='ocrx_word' id='word_1_226' title='bbox 739 3681 772 3730; x_wconf 81' lang='lat' dir='ltr'>A.</span> <span class='ocrx_word' id='word_1_227' title='bbox 791 3706 824 3716; x_wconf 93' lang='lat'>-</span> <span class='ocrx_word' id='word_1_228' title='bbox 843 3675 981 3729; x_wconf 78' lang='lat' dir='ltr'>sseuilesli</span> <span class='ocrx_word' id='word_1_229' title='bbox 1025 3680 1075 3728; x_wconf 88' lang='grc'>510</span> <span class='ocrx_word' id='word_1_230' title='bbox 1095 3679 1236 3744; x_wconf 82' lang='lat' dir='ltr'>expoueA</span> 
     </span>
     <span class='ocr_line' id='line_1_39' title="bbox 154 3744 1234 3815; baseline -0.002 -15"><span class='ocrx_word' id='word_1_231' title='bbox 154 3751 200 3800; x_wconf 89' lang='grc'>511</span> <span class='ocrx_word' id='word_1_232' title='bbox 222 3747 355 3800; x_wconf 80' lang='lat' dir='ltr'>suadesli</span> <span class='ocrx_word' id='word_1_233' title='bbox 424 3747 826 3815; x_wconf 77' lang='lat' dir='ltr'>513lapsa:pco·b2m.lx&#39;</span> <span class='ocrx_word' id='word_1_234' title='bbox 895 3749 944 3798; x_wconf 82' lang='grc'>516</span> <span class='ocrx_word' id='word_1_235' title='bbox 963 3749 997 3808; x_wconf 88' lang='lat' dir='ltr'>et]</span> <span class='ocrx_word' id='word_1_236' title='bbox 1017 3752 1057 3797; x_wconf 85' lang='lat' dir='ltr'>est</span> <span class='ocrx_word' id='word_1_237' title='bbox 1074 3744 1123 3796; x_wconf 81' lang='lat' dir='ltr'>RE</span> <span class='ocrx_word' id='word_1_238' title='bbox 1186 3748 1234 3798; x_wconf 80' lang='grc'>517</span> 
     </span>
     <span class='ocr_line' id='line_1_40' title="bbox 153 3813 1235 3878; baseline -0.001 -12"><span class='ocrx_word' id='word_1_239' title='bbox 153 3830 242 3867; x_wconf 79' lang='lat' dir='ltr'>sanare</span> <span class='ocrx_word' id='word_1_240' title='bbox 260 3817 285 3866; x_wconf 84' lang='lat' dir='ltr'><em>E</em></span> <span class='ocrx_word' id='word_1_241' title='bbox 354 3818 402 3868; x_wconf 81' lang='grc'>521</span> <span class='ocrx_word' id='word_1_242' title='bbox 423 3815 550 3867; x_wconf 72' lang='grc' dir='ltr'>ιηίῑῑεεΕ</span> <span class='ocrx_word' id='word_1_243' title='bbox 619 3818 668 3868; x_wconf 79' lang='lat'>52³</span> <span class='ocrx_word' id='word_1_244' title='bbox 687 3815 757 3866; x_wconf 86' lang='lat' dir='ltr'>nulla</span> <span class='ocrx_word' id='word_1_245' title='bbox 775 3817 800 3866; x_wconf 85' lang='lat' dir='ltr'><em>A</em></span> <span class='ocrx_word' id='word_1_246' title='bbox 876 3816 926 3867; x_wconf 72' lang='lat'>52⁴</span> <span class='ocrx_word' id='word_1_247' title='bbox 944 3813 995 3876; x_wconf 82' lang='lat' dir='ltr'>vel]</span> <span class='ocrx_word' id='word_1_248' title='bbox 1015 3813 1059 3864; x_wconf 90' lang='lat' dir='ltr'>vili</span> <span class='ocrx_word' id='word_1_249' title='bbox 1077 3815 1121 3864; x_wconf 81' lang='lat' dir='ltr'>vel</span> <span class='ocrx_word' id='word_1_250' title='bbox 1138 3814 1235 3878; x_wconf 62' lang='lat' dir='ltr'>vilius</span> 
     </span>
     <span class='ocr_line' id='line_1_41' title="bbox 154 3879 1235 3949; baseline -0.002 -15"><span class='ocrx_word' id='word_1_251' title='bbox 154 3887 202 3936; x_wconf 76' lang='lat'>526</span> <span class='ocrx_word' id='word_1_252' title='bbox 221 3884 264 3934; x_wconf 94' lang='lat' dir='ltr'>ubi</span> <span class='ocrx_word' id='word_1_253' title='bbox 283 3891 333 3934; x_wconf 85' lang='lat' dir='ltr'>tac.</span> <span class='ocrx_word' id='word_1_254' title='bbox 356 3899 381 3934; x_wconf 90' lang='lat' dir='ltr'>n.</span> <span class='ocrx_word' id='word_1_255' title='bbox 403 3883 482 3947; x_wconf 69' lang='lat' dir='ltr'>neg</span> <span class='ocrx_word' id='word_1_256' title='bbox 557 3885 605 3934; x_wconf 73' lang='lat'>527</span> <span class='ocrx_word' id='word_1_257' title='bbox 625 3883 722 3949; x_wconf 82' lang='lat' dir='ltr'>quitll</span> <span class='ocrx_word' id='word_1_258' title='bbox 791 3885 841 3934; x_wconf 85' lang='grc'>534</span> <span class='ocrx_word' id='word_1_259' title='bbox 860 3881 910 3932; x_wconf 88' lang='lat' dir='ltr'>situ</span> <span class='ocrx_word' id='word_1_260' title='bbox 937 3898 971 3931; x_wconf 73' lang='lat' dir='ltr'>ce</span> <span class='ocrx_word' id='word_1_261' title='bbox 995 3882 1060 3933; x_wconf 87' lang='lat' dir='ltr'>situs</span> <span class='ocrx_word' id='word_1_262' title='bbox 1078 3879 1235 3934; x_wconf 78' lang='lat' dir='ltr'>correct.ll</span> 
     </span>
     <span class='ocr_line' id='line_1_42' title="bbox 153 3947 1173 4017; baseline -0.003 -13"><span class='ocrx_word' id='word_1_263' title='bbox 153 3955 202 4004; x_wconf 85' lang='grc'>536</span> <span class='ocrx_word' id='word_1_264' title='bbox 221 3951 304 4017; x_wconf 83' lang='lat' dir='ltr'>spisse</span> <span class='ocrx_word' id='word_1_265' title='bbox 322 3952 346 4001; x_wconf 93' lang='grc' dir='ltr'><em>Ε</em></span> <span class='ocrx_word' id='word_1_266' title='bbox 365 3956 484 4002; x_wconf 71' lang='lat' dir='ltr'>correxit</span> <span class='ocrx_word' id='word_1_267' title='bbox 502 3951 614 4003; x_wconf 71' lang='lat' dir='ltr'>Boeotus</span> <span class='ocrx_word' id='word_1_268' title='bbox 632 3951 698 4002; x_wconf 88' lang='lat' dir='ltr'>silva</span> <span class='ocrx_word' id='word_1_269' title='bbox 715 3951 765 4002; x_wconf 87' lang='lat' dir='ltr'>iam</span> <span class='ocrx_word' id='word_1_270' title='bbox 783 3951 850 4001; x_wconf 83' lang='lat' dir='ltr'>lesse</span> <span class='ocrx_word' id='word_1_271' title='bbox 868 3947 916 4000; x_wconf 81' lang='grc' dir='ltr'>ΕΑ</span> <span class='ocrx_word' id='word_1_272' title='bbox 973 3952 1023 4002; x_wconf 79' lang='grc'>538</span> <span class='ocrx_word' id='word_1_273' title='bbox 1041 3949 1128 4002; x_wconf 85' lang='lat' dir='ltr'>beccis</span> <span class='ocrx_word' id='word_1_274' title='bbox 1147 3951 1173 4007; x_wconf 79' lang='grc' dir='ltr'><em>Α</em></span> 
     </span>
    </p>
   </div>
   <div class='ocr_carea' id='block_1_8' title="bbox 0 0 1294 4366">
    <p class='ocr_par' dir='ltr' id='par_1_20' title="bbox 0 0 1294 4366">
     <span class='ocr_line' id='line_1_43' title="bbox 0 0 1294 4366; baseline 0 1"><span class='ocrx_word' id='word_1_275' title='bbox 0 0 1294 4366; x_wconf 95' lang='lat' dir='ltr'> </span> 
     </span>
    </p>
   </div>
  </div>
 </body>
</html>
