2580 4366
494 235 522 276 n.
545 224 650 278 suntal
671 234 799 278 sunnone

237 402 327 466 posse
350 403 537 448 cruores-
580 403 696 447 sacrum
718 385 834 449 laticem

236 488 377 550 percussa
399 469 476 532 dedi.
796 482 798 487 ’

171 623 173 627 ,
238 555 344 635 quodsi
365 555 490 617 nimiunn
513 574 600 637 saepe
621 556 719 619 vocari

239 641 373 721 quereris
389 640 481 718 votis,
504 629 625 720 igltosce
650 661 774 722 precor:
859 655 861 659 ’

240 744 326 788 causa
348 725 488 802 vocandi,
510 725 627 803 Persei,
649 737 717 789 tuos

239 810 358 892 saepius
380 829 467 874 arcus
489 830 550 873 uua
571 823 659 892 atque
682 812 783 874 eadem
806 821 851 876 est

237 914 366 976 semper,
388 897 484 958 Iason.

238 992 271 1044 tu
294 1000 375 1044 nunc
397 989 493 1044 vestes
515 982 598 1060 tinge
621 980 760 1059 Creusae,

240 1085 314 1146 quas
336 1085 404 1129 cum
426 1067 556 1148 primum
579 1066 756 1147 sumpserit,
778 1069 852 1131 imas

240 1162 307 1215 urat
328 1170 454 1232 serpens
475 1152 592 1213 flamma
612 1151 766 1214 medullas.

238 1236 319 1316 ignis
340 1237 420 1298 fulvo
444 1238 545 1299 clusus
567 1237 599 1299 in
621 1255 694 1299 auro

238 1323 308 1384 latet
331 1323 494 1399 obscurus,
518 1341 606 1402 quern
628 1322 701 1384 mihi
723 1322 796 1386 caeli

192 1445 193 1448 =
239 1407 291 1488 qui
312 1407 391 1470 furta
412 1407 468 1472 luit
488 1407 600 1470 viscere
621 1409 681 1471 leto

136 1499 137 1503 ’
240 1493 320 1555 dedit
342 1501 372 1554 et
394 1492 494 1555 docuit
517 1494 646 1556 condere
667 1492 745 1555 vires

240 1587 320 1654 arte,
341 1577 547 1642 Prometheus,
592 1579 671 1641 dedit
693 1587 723 1640 et
744 1578 827 1641 tenui

241 1663 385 1744 sulphure
406 1670 501 1727 tectos
522 1663 668 1726 Mulciber
689 1664 784 1746 ignes,

241 1758 271 1811 et
291 1749 398 1812 vivacis
419 1749 537 1829 fulgura
558 1751 692 1813 flammae

241 1837 277 1896 de
300 1844 425 1915 cognato
447 1835 632 1898 Phaethonte
653 1833 719 1898 tuli.

240 1921 335 1982 habeo
358 1920 471 1982 mediae
493 1920 570 1982 dona
593 1920 772 1998 Chimaerae,

241 2006 335 2069 habeo
357 2007 488 2068 flammas
510 2013 578 2067 usto
600 2005 677 2068 tauri

242 2102 362 2171 gutture
384 2101 499 2171 raptas,
522 2109 595 2171 quas
613 2090 763 2170 permixto
792 2094 793 2098 ’

242 2178 310 2240 selle
332 2176 470 2238 Medusae
492 2177 613 2239 tacitum
636 2175 710 2238 iussi

242 2280 359 2324 servare
380 2262 500 2324 malurn.
748 2271 749 2274 ’

242 2348 316 2408 adde
336 2347 460 2409 venenis
481 2346 632 2423 stimulos,
655 2345 773 2421 Hecate,

168 2453 172 2457 ’
244 2432 391 2512 donisque
412 2432 487 2493 meis
509 2432 622 2494 semina
647 2432 781 2492 flammae
888 2478 891 2483 .

244 2517 362 2583 condita
384 2535 476 2579 serva.
519 2517 622 2579 lallant
642 2516 723 2578 visus

244 2610 400 2682 tactusque
421 2602 536 2679 lerant,
557 2609 637 2663 meet
659 2601 690 2663 in
712 2607 818 2680 pectus

243 2705 393 2767 venasque
415 2688 505 2764 calor,
528 2687 640 2749 stillent
659 2694 741 2747 artus

245 2791 372 2853 ossaque
393 2772 509 2834 fument
529 2772 686 2851 vincatque
707 2787 777 2831 suas

245 2859 388 2936 flagrante
410 2876 494 2919 coma
517 2875 591 2919 nova
613 2865 706 2935 nupta
727 2856 816 2915 laces.

289 2942 361 3004 Vota
382 2950 540 3006 tenentur:
564 2950 609 3003 ter
631 2941 752 3003 latratus

246 3028 340 3090 audax
362 3027 471 3090 llecate
494 3027 573 3089 dedit
594 3033 624 3088 et
645 3043 746 3088 sacros

248 3112 339 3175 edidit
360 3113 445 3193 ignes
466 3112 530 3175 lace
552 3111 683 3176 lucifera.

203 3268 325 3330 Peracta
346 3265 390 3328 vis
412 3274 457 3329 est
479 3265 592 3327 omnis:
615 3264 675 3325 huc
698 3270 783 3325 natos
805 3279 886 3338 voca,
939 3276 944 3287 ·

118 3354 248 3432 pretiosa
270 3369 326 3434 per
348 3370 422 3432 quos
445 3351 522 3413 dona
544 3349 668 3412 nubenti
689 3349 777 3410 feras.

120 3437 176 3517 ite,
199 3439 255 3515 ite,
279 3437 356 3514 nati,
378 3436 480 3499 matris
502 3437 647 3498 infaustae
669 3452 777 3513 genus,

118 3523 233 3604 placate
253 3522 336 3584 vohis
358 3540 483 3584 munere
505 3530 534 3583 et
554 3519 648 3582 multa
669 3538 759 3600 prece

120 3609 268 3671 dominam
290 3627 325 3670 ac
346 3626 513 3670 novercam.
557 3604 651 3667 vadite
673 3613 702 3668 et
723 3603 834 3666 celeres
856 3603 975 3667 domurn

120 3693 229 3781 referte
251 3711 388 3772 gressus,
411 3692 516 3755 ultimo
538 3691 674 3771 amplexu
696 3700 730 3753 ut
744 3689 843 3754 ,lruan

215 3897 265 3949 818
285 3893 465 3964 innesarchi
525 3895 572 3948 sat
593 3891 742 3946 obscuraE
806 3893 856 3946 sat
873 3893 954 3946 artem
970 3890 1004 3942 A.
1020 3918 1055 3929 -
1071 3889 1158 3943 tenuit
1174 3890 1203 3942 A

110 3967 166 4021 828
180 3964 314 4037 clymerae
329 3963 358 4019 Ε
410 3965 459 4019 837
478 3960 599 4016 stilleth'
652 3962 701 4016 842
718 3959 835 4014 luctilern
852 3963 879 4012 A
930 3961 1029 4023 84⁸lac]
1047 3959 1110 4011 etA
1185 3968 1190 3975 ·
