2602 4380
70 235 75 243 ·
115 216 175 278 118
450 228 488 270 nn
510 227 636 270 clurrers
658 226 844 269 rennuerms.

117 384 180 445 eius
202 390 299 443 autem
321 380 375 440 viri
399 379 557 458 descriptio
580 378 715 457 sequitur
734 379 852 439 demum
866 377 959 439 linitis
973 377 1105 440 eiusdem
1116 376 1164 438 lan·

114 469 210 543 dibus,
233 484 306 544 quas
328 466 368 526 ita
391 483 446 525 nee
468 463 641 540 intellegere
663 483 719 524 nec
733 464 845 525 reterre
860 483 921 542 quo
938 462 1089 544 pertinent
1101 460 1163 543 quio

112 570 202 632 quam
224 559 331 630 potest.
362 557 391 610 et
412 548 552 627 languide
574 547 681 609 dicitur
703 567 728 608 v.
745 551 807 611 694
830 567 918 610 omne
940 549 1093 612 servitium
1111 564 1163 628 per·

112 654 252 716 rumpere
280 636 328 697 cui
357 633 433 695 mori
462 633 546 694 laeile
575 633 628 709 sit,
656 651 724 695 cum
747 633 783 694 de
805 634 908 695 eodem
930 633 1026 696 multo
1048 635 1126 716 plura
1142 638 1164 693 et

112 722 222 784 maiora
245 721 301 780 iarn
324 720 399 781 dicta
415 717 483 780 sint.
515 726 617 779 contra
632 718 662 779 id
677 718 776 798 ipsum
791 719 943 798 aptissime
958 719 1074 782 dicetur
1087 716 1164 782 sulio

112 814 181 887 post
207 825 233 866 v.
258 807 316 869 591
349 824 412 866 curn
440 809 558 865 miseros
586 803 677 864 libero
697 823 776 866 mors
800 816 886 867 aocet.
933 813 967 866 ut
995 804 1090 868 brevis
1113 804 1163 875 sim,

111 909 155 952 vv.
179 892 347 954 604-608
370 908 424 950 suo
447 890 513 950 loco
536 895 604 968 post
626 891 689 952 592
713 889 855 950 reddendi
877 897 964 952 sunt:

623 992 687 1035 carn
704 985 803 1054 pateat
824 974 909 1036 muts

316 1059 456 1140 effugium
478 1069 505 1119 et
525 1061 644 1119 miseros
665 1059 756 1120 iihera
777 1060 855 1121 mors
875 1071 960 1132 aocet,

235 1146 296 1206 592
316 1154 419 1223 portus
441 1153 556 1204 ceteruia
574 1143 706 1223 placidus
727 1148 827 1224 quiete.

232 1231 294 1292 604
313 1238 480 1307 perrumpet
501 1245 583 1288 omne
603 1233 753 1291 auritium
765 1230 803 1304 19)
826 1240 1002 1309 contemptor

317 1312 422 1372 lovium
445 1313 571 1384 aeorum,
716 1375 719 1379 ,

315 1400 365 1476 pai
385 1395 481 1458 vultus
503 1397 666 1458 Acherontis
688 1402 755 1473 otri,
779 1403 829 1478 gui
850 1397 940 1477 Styga
962 1403 1072 1462 tristem

314 1500 373 1542 uon
394 1485 484 1542 tristis
505 1482 581 1543 viriet
603 1483 741 1561 audetque
762 1487 839 1544 uitae

232 1568 294 1630 608
313 1584 420 1645 ponere
442 1565 538 1644 finem.

232 1653 292 1715 593
315 1649 415 1710 nuilus
435 1651 529 1711 hanc
550 1661 645 1711 terror
666 1670 716 1711 nec
737 1656 899 1732 impotentis

311 1734 439 1815 procella
461 1735 600 1812 fortunae
621 1747 714 1796 movet
735 1749 787 1798 ant
808 1740 902 1817 inipni

313 1820 435 1897 flamma
456 1825 582 1881 tonantis
605 1839 629 1879 e.
646 1838 675 1898 q.
692 1839 716 1880 s.
983 1897 986 1902 ἢ

138 1905 207 1968 dein
231 1907 292 1969 692
314 1923 374 1966 ααα
397 1905 501 1980 (timet)
521 1906 593 1965 atrio
615 1922 679 1966 curn
701 1915 761 1967 tota
779 1907 901 1986 populos
922 1907 1051 1968 cadentes

314 1987 420 2050 hostica
441 2007 541 2050 maros
559 1988 716 2068 populante
737 1992 858 2068 flamma

313 2075 520 2135 indoinitumve
542 2073 663 2135 heliam:

230 2158 290 2220 609
309 2176 367 2237 par
389 2157 437 2217 iile
458 2161 521 2236 regi
537 2176 597 2236 par
617 2162 728 2238 superis
750 2163 814 2221 en't.

314 2261 330 2303 o
354 2261 440 2320 paam
461 2245 597 2303 anicetum
619 2255 661 2304 est
681 2247 788 2304 nescire
810 2248 887 2306 ouori
908 2262 934 2306 e.
950 2261 979 2321 q.
996 2262 1020 2303 s.

109 2344 185 2405 quae
208 2334 349 2386 secuntur
371 2325 546 2405 incorrupta
569 2336 640 2387 sunt
663 2329 794 2405 quamvis
820 2327 978 2389 artificiose
1004 2334 1183 2390 constructa.

111 2410 273 2472 narrandae
297 2412 475 2472 Graecorum
498 2412 593 2472 fraudi
617 2412 726 2473 chorus
748 2414 898 2492 praelator
919 2412 1116 2492 praedicanda
1133 2430 1184 2492 pa·

110 2497 183 2556 triae
205 2514 260 2573 per
282 2496 382 2556 decem
404 2513 499 2556 annos
514 2496 692 2557 constantia:
717 2515 804 2576 quam
819 2498 896 2559 hello
913 2516 974 2558 non
990 2497 1096 2560 victam
1112 2496 1185 2560 Her·

113 2581 187 2642 eulis
210 2581 320 2658 sagittis
343 2580 450 2641 iterum
473 2581 714 2657 succubuisse²⁰l
739 2592 777 2656 et,
800 2601 868 2644 cum
884 2583 991 2644 Achilli
1008 2591 1037 2644 et
1050 2581 1184 2644 Patroclo

111 2665 376 2727 restiterit-huic
387 2665 491 2726 alienis
502 2667 591 2726 armis
603 2666 718 2726 hostem
730 2667 886 2742 territanti‚
901 2667 942 2728 illi
956 2666 1085 2729 amicum
1096 2667 1184 2730 ulcis·

111 2750 189 2811 nenti
206 2785 246 2794 —
263 2758 393 2811 extremo
413 2750 536 2811 honeste
558 2750 704 2829 pereundi
718 2751 804 2812 titulo
820 2763 913 2814 semet
927 2752 1022 2832 ipsam
1037 2753 1182 2832 privasse:

314 2839 419 2896 restitit
441 2839 535 2914 quiuis
557 2835 598 2896 his
620 2840 705 2896 annis

314 2924 403 2980 unius
424 2924 513 2981 noctis
532 2924 664 2999 peritura
686 2922 778 2999 furto.

111 3002 174 3081 ipsa
201 3001 306 3063 deinde
328 3005 439 3065 fraudis
462 3005 591 3065 narratio
615 3005 688 3066 nihil
710 3005 797 3067 hahet
819 3006 850 3066 in
874 3023 933 3085 quo
956 3005 1100 3067 offendas.

108 3138 187 3201 prior
195 3135 355 3202 ilicrapienc
366 3142 405 3186 eat
413 3152 489 3201 quem
500 3153 555 3187 nou
566 3137 618 3187 tela
631 3140 777 3204 vibrantia,
790 3154 843 3188 non
857 3140 975 3190 arietata
986 3143 1059 3189 iuter
1068 3155 1097 3190 aa
1109 3153 1183 3189 artua

111 3207 227 3268 agminia
246 3204 335 3270 densi,
352 3220 406 3254 non
424 3207 499 3254 urbia
517 3205 647 3270 impulsae
664 3205 763 3270 fragor
782 3210 890 3256 territat
906 3222 929 3258 e.
938 3222 965 3272 q.
974 3221 995 3259 s.
1014 3207 1049 3272 (v.
1060 3208 1113 3259 599
1127 3207 1183 3273 aa).

110 3273 195 3334 59,14
213 3275 319 3337 rapiens
337 3272 383 3321 ille
400 3273 495 3337 plenus
513 3277 552 3321 ert
566 3273 677 3336 gaudio,
698 3274 795 3324 hilaria
806 3274 975 3340 etplacidac,
994 3277 1183 3326 inconcussae:

110 3354 169 3389 cum
189 3339 229 3388 dis
248 3355 282 3389 cae
298 3343 364 3405 pori
380 3342 448 3389 vivit
463 3341 498 3404 (v.
509 3341 581 3402 ouon
603 3343 660 3400 102,
670 3344 703 3395 29
722 3358 802 3406 paam
819 3343 1026 3407 (coimitatem)
1040 3346 1090 3408 put·
1099 3347 1183 3393 nanto

111 3410 240 3470 concepit,
259 3408 348 3458 nullos
366 3409 459 3457 horret
476 3411 619 3472 exercituo,
636 3424 691 3460 non
711 3415 828 3461 terretur
846 3411 925 3473 tuba,
944 3411 1027 3461 nullia
1046 3410 1084 3461 ad
1102 3416 1182 3462 tarro-

110 3489 166 3523 rem
189 3477 269 3524 minio
293 3479 387 3540 agitur
404 3477 439 3539 (v.
458 3478 508 3528 596
526 3478 585 3541 sq.).
621 3476 693 3529 vides
717 3493 770 3529 rem
794 3493 845 3529 non
866 3478 982 3544 potuisse
1000 3478 1086 3530 verbis
1103 3478 1182 3546 magis

110 3541 248 3658 ptoicornm
272 3548 298 3594 et
324 3543 405 3610 ipsius
430 3541 543 3595 Senecae
570 3545 678 3610 propriis
705 3546 808 3597 tractari
837 3561 912 3612 quam
939 3546 966 3596 ln
993 3546 1182 3613 Agamemnone

122 3613 206 3660 actum
225 3614 272 3662 est.

200 3676 232 3743 19)
251 3678 282 3731 cs.
300 3678 393 3728 Lucan.
411 3677 454 3741 lV,
478 3681 527 3730 516
553 3693 632 3743 quam
650 3682 757 3730 sitnon
776 3681 863 3731 ardua
882 3684 969 3732 victae
986 3684 1125 3733 seruitium
1141 3681 1181 3743 su-

107 3747 182 3808 gisre
199 3761 291 3809 manu,
309 3745 366 3795 alia.

196 3812 230 3878 2⁰)
248 3827 308 3864 nam
325 3815 411 3864 ν.613
429 3813 462 3863 ita
482 3813 661 3879 distinguenda
680 3819 720 3867 est
737 3815 876 3867 sententia:

274 3883 276 3887 ’
314 3895 368 3930 uon
388 3878 437 3929 ilia
456 3882 522 3932 heila
540 3883 611 3932 victa
630 3897 684 3932 non
703 3886 794 3944 armis,

313 3952 345 3997 ut
362 3948 505 4012 quondam,
524 3949 655 4000 Herculea
674 3950 771 4002 cecidit
786 3953 925 4018 pharetro.
