2602 4380
111 208 171 268 120
447 221 485 263 ou
507 221 634 263 alaricis
656 220 842 262 ronrusrms.

109 394 144 436 ex
171 373 274 435 metris
296 372 417 433 Horatio
447 371 564 433 usitatis·
583 371 719 445 derivati,
748 378 782 431 ut
802 387 905 431 versus
928 378 979 431 aut
1000 371 1111 447 integri
1134 380 1186 432 aut

109 459 249 520 dimidiati
277 469 328 519 aut
357 457 480 517 inversis
509 456 582 516 colis
610 463 769 536 ponantur.
820 455 899 515 uude
928 455 987 516 hoc
1014 473 1070 535 pro
1100 462 1185 517 certo

109 543 346 604 concludendum
374 542 446 602 mihi
474 541 605 614 videtur,
634 541 685 600 ubi
715 557 817 600 versus
846 539 981 619 sapphici
1006 538 1186 618 asclepiadei

108 629 208 689 alcaici
238 628 372 706 glyconei
395 627 463 706 puri
485 632 535 686 aut
557 645 573 686 e
596 625 726 686 Senecae
752 625 967 685 consuetudine
989 624 1108 685 formati
1131 643 1186 704 ap·

108 720 227 792 parent,
258 731 309 772 eos
338 720 461 791 apoeta
492 720 524 770 ut
553 727 655 770 versus
682 709 816 787 integros
845 709 959 788 positos
988 727 1068 782 esse,
1099 716 1130 770 et
1159 709 1186 770 si

110 796 228 876 quaudo
258 796 397 875 discerpti
426 797 457 855 in
481 795 608 856 Etrusco
637 795 790 872 legantur,
820 793 913 854 errori
936 794 965 854 id
988 792 1185 856 tribuendum

109 900 183 942 esse.
228 888 308 942 recte
336 881 414 942 euim
436 879 593 941 Richterus
612 879 790 952 contendit,
820 879 881 939 sive
910 879 1128 940 continuentur
1152 879 1184 939 hi

108 984 212 1026 versus
227 967 286 1026 sire
302 966 566 1044 interrumpuntur,
583 964 704 1024 auribus
719 963 843 1043 perinde
856 981 932 1038 esse,
944 963 1057 1042 quippe
1072 962 1187 1042 quibus

45 1058 46 1061 ’
110 1059 142 1112 nt
165 1051 272 1129 integri
295 1050 398 1128 utique
420 1049 632 1128 percipiantur.
665 1049 767 1110 metris
790 1047 981 1126 numerisque
1003 1047 1099 1126 magis
1113 1048 1187 1110 arti-

110 1136 220 1196 licicsis
243 1144 272 1197 et
290 1135 321 1195 in
337 1135 431 1214 ipsius
446 1133 604 1212 tragoediis
619 1145 770 1212 praeterea
787 1152 847 1193 nou
863 1133 1015 1212 usurpatis
1030 1132 1185 1194 abstinuit.

109 1220 258 1281 interdum
288 1218 392 1280 diversi
422 1219 539 1296 generis
567 1218 719 1278 versiculis
747 1219 826 1278 iuxta
849 1217 997 1297 ponendis
1018 1217 1187 1278 inconexcs

111 1305 216 1377 effecit,
238 1304 288 1365 sed
311 1304 487 1383 plerumque
509 1304 548 1364 ita
571 1311 604 1363 ut
623 1304 781 1364 Aeolornm
796 1302 985 1380 logaoedicos
1000 1301 1187 1376 imitaretur;

112 1389 147 1449 de
170 1390 278 1468 quihus
301 1388 442 1449 iudicium
465 1407 519 1448 suo
540 1387 606 1447 loco
624 1389 683 1448 det.
712 1389 769 1448 iam
785 1387 919 1466 singulos
932 1404 1037 1448 versus
1052 1387 1188 1448 excutia-

110 1492 186 1548 mus,
209 1473 343 1552 singulos
365 1473 479 1533 scilicet
498 1478 532 1533 ut
553 1473 583 1532 in
607 1472 734 1533 Etrusco
760 1471 971 1532 discribuntur.

144 1574 214 1635 Oed.
232 1577 294 1637 404
317 1574 442 1634 lucidum
463 1573 534 1634 coeli
555 1575 637 1634 decus
658 1573 711 1635 hec
733 1574 799 1634 ades
820 1578 894 1635 votis

314 1677 385 1739 quoe
407 1657 460 1719 tibi
479 1657 587 1718 nobiles

319 1741 424 1804 Thebae
445 1741 549 1804 Bacche
571 1755 638 1803 tuoe

310 1828 417 1907 polenis
438 1827 613 1906 supplicibus
634 1829 744 1906 ferum.

112 1929 208 1988 statim
226 1929 256 1988 iu
273 1928 357 1989 initio
375 1928 586 2007 expediendum
604 1926 742 2004 estquod
759 1944 861 2004 graves
877 1926 1006 2005 cuipiam
1024 1928 1189 2007 scrupulos

111 2030 230 2073 movere
259 2013 362 2092 possit.
408 2012 547 2073 nimirum
572 2011 706 2091 quisquis
729 2011 764 2071 ad
787 2012 859 2073 haec
882 2011 1011 2072 carmina
1034 2013 1190 2074 tractanda

110 2097 231 2157 accedet
252 2105 319 2158 ante
342 2098 439 2158 omnia
462 2097 591 2174 inquiret
613 2115 649 2156 an
666 2096 803 2175 strophis
827 2097 1005 2157 Graecorum
1027 2097 1086 2157 ritu
1108 2097 1189 2159 iuter

111 2200 143 2241 se
165 2180 416 2260 respondentibus
438 2181 574 2242 liberiora
598 2190 689 2242 metra
713 2185 798 2260 poeta
819 2180 982 2241 incluserit.
1020 2182 1069 2242 cui
1085 2180 1189 2261 suspi-

112 2266 190 2327 cioni
222 2273 251 2326 et
279 2264 367 2326 buius
397 2265 535 2326 carminis
563 2265 714 2325 exordium
745 2275 774 2326 et
800 2266 1030 2343 Agamemnonis
1060 2267 1189 2328 alterum

112 2349 208 2429 primo
231 2349 337 2410 obtutu
359 2350 454 2410 lavere
477 2349 621 2411 videntur.
662 2357 749 2427 atque
773 2349 844 2411 0ed.
864 2352 925 2411 404
949 2349 1076 2410 similem
1098 2350 1191 2413 habet

111 2452 229 2495 versum
258 2434 451 2506 inconexum,
481 2435 604 2495 dimetro
634 2433 747 2494 scilicet
775 2434 925 2495 trochaico
955 2435 1128 2496 catalectico
1159 2443 1189 2496 et

112 2519 213 2597 priore
235 2517 367 2597 sapphici
390 2528 473 2597 parte
496 2526 679 2579 constantem
701 2537 728 2578 v.
752 2521 813 2581 412

315 2614 341 2666 te
363 2605 435 2665 decet
456 2608 533 2683 cingi
554 2622 663 2664 comam
684 2603 806 2681 floribus
828 2607 934 2664 vernis.

113 2704 183 2765 hinc
205 2723 273 2765 vero
297 2723 372 2783 quae
395 2713 539 2766 secuntur
561 2715 590 2767 et
611 2704 699 2783 plane
722 2704 834 2765 diversa
861 2714 931 2766 suut
955 2723 972 2766 a
995 2725 1020 2765 v.
1045 2708 1108 2767 405
1132 2724 1189 2785 sq.,

114 2807 181 2848 cum
204 2789 239 2848 de
262 2789 443 2867 gravioribus
466 2789 644 2869 corruptelis
667 2789 750 2849 nullo
772 2790 860 2850 modo
881 2789 1070 2866 cogitandum
1087 2790 1136 2865 sit,
1160 2799 1190 2852 et

114 2873 221 2952 syllaba
243 2891 352 2952 anceps
374 2874 496 2952 quaein
513 2874 608 2935 medio
624 2893 650 2933 r.
668 2876 731 2935 404
746 2873 899 2935 statuenda
913 2873 1015 2949 luerit,
1038 2893 1189 2954 nusquam

114 2968 264 3036 praeterea
286 2969 417 3037 apparet.
461 2959 554 3034 magis
577 2957 689 3018 adridet
711 2960 765 3037 hg.
790 2961 851 3021 011

319 3046 443 3106 vidimus
461 3047 590 3122 patriam
611 3054 742 3104 ruentem
762 3054 842 3105 nocte
863 3044 981 3120 funesto

113 3146 161 3205 cui
184 3144 409 3224 respondente.
434 3146 496 3207 020

316 3231 441 3291 vidimus
461 3229 597 3290 simulato
620 3230 695 3290 dcco
716 3229 800 3289 moh's
823 3233 985 3299 immensae,

112 3348 215 3390 versus
245 3339 413 3392 constantes
443 3328 547 3390 ordine
575 3329 760 3408 logaoedico,
798 3329 938 3390 nimirum
967 3329 1110 3408 sapphico
1139 3329 1189 3391 cni

114 3415 250 3493 demptus
278 3415 317 3476 sit
346 3417 377 3476 in
406 3414 501 3494 prima
525 3422 608 3493 parte
630 3414 782 3493 spondeus
805 3422 834 3474 et
855 3415 954 3494 priore
976 3413 1112 3492 sapphici
1134 3415 1189 3475 he-

47 3509 49 3512 ·
113 3498 271 3559 mistichio.
316 3509 460 3562 secuntur
486 3506 583 3560 autem
607 3498 784 3577 utrobique,
815 3499 839 3559 si
861 3517 965 3559 versus
986 3500 1050 3561 012
1073 3506 1103 3560 et
1125 3501 1187 3562 627

113 3590 295 3662 praetereas,
319 3586 434 3646 numeri
457 3583 558 3645 saltem
581 3583 732 3664 sapphici,
756 3591 788 3644 ut
809 3584 835 3643 si
857 3584 989 3662 graviora
1012 3583 1113 3645 ulcera
1137 3585 1189 3644 has

113 3668 253 3747 periodos
281 3669 404 3730 traxisse
432 3678 542 3730 statuas
570 3670 607 3730 de
634 3669 836 3747 recuperanda
866 3667 1031 3748 eurythmia
1057 3668 1189 3747 cogitare

115 3771 214 3831 queas.
259 3752 311 3812 sed
339 3754 412 3814 haec
440 3753 553 3814 fallacia
582 3763 653 3815 suut
677 3760 707 3814 et
728 3773 743 3813 a
766 3752 852 3813 nobis
875 3754 988 3832 prolata
1010 3760 1127 3814 tantum
1150 3771 1190 3814 nc

113 3835 185 3895 alios
214 3853 333 3914 quoque
363 3837 494 3899 eludant.
537 3838 612 3900 nihil
639 3837 717 3899 enim
747 3838 911 3899 sententiae
939 3837 1049 3898 habent
1072 3838 1103 3898 in
1127 3855 1189 3917 quo

114 3920 179 3980 iure
202 3920 333 3982 offendas
355 3940 411 3984 nec
432 3939 465 3983 re
482 3941 550 3984 vera
568 3922 702 4003 sapphici
717 3931 790 3984 sunt
802 3938 906 3983 versus
922 3925 984 3985 614
996 3940 1047 4010 sq.
1078 3922 1189 3984 similes
