2580 4366
573 225 669 267 1111111111

171 372 329 453 Postquam
353 373 482 435 evocavit
505 391 592 436 omne
615 386 787 456 serpentum
811 396 915 457 genus,

85 459 220 538 congerit
243 460 274 520 in
296 478 390 520 unum
411 459 507 537 frugis
529 460 673 522 infaustae
695 462 786 524 mala:

85 562 292 624 quaecumque
314 552 436 624 generat
458 540 554 605 in'vius
577 547 654 607 saxis
677 547 764 626 Eryx,
803 597 810 603 .
891 546 894 552 '

85 648 162 710 quae
183 630 240 690 fert
262 630 374 710 opertis
395 629 492 690 bieme
514 643 657 710 perpetua
680 632 758 711 iugis
851 702 854 709 Α

84 733 207 795 sparsus
229 732 336 776 cruore
359 713 506 776 Caucasus
527 714 706 799 Promethei,

86 808 115 862 et
138 801 205 880 quis
226 799 345 879 sagittas
368 799 471 863 divites
494 800 604 863 Arabes
626 800 725 864 linunt

84 885 283 966 pharetraque
305 903 425 964 pugnax
446 880 550 948 Medus
572 895 622 947 ant
639 886 745 966 Parthi
766 887 854 964 leves,

85 979 136 1031 aut
158 990 233 1051 quos
256 969 311 1032 sub
333 988 385 1031 axe
407 969 515 1050 frigido
537 989 627 1034 sucos
648 971 754 1052 legunt

86 1055 163 1117 lucis
186 1055 301 1117 Suebae
323 1054 437 1117 nobiles
451 1055 631 1136 ·Hyrcaniis;

84 1140 297 1220 quodcumque
318 1140 406 1202 tellus
429 1159 497 1202 vere
519 1140 638 1204 nidifico
661 1149 741 1203 creat

85 1235 137 1288 aut
158 1224 252 1304 rigida
273 1243 342 1287 cum
364 1224 422 1287 iam
443 1225 548 1289 bruma
564 1227 711 1288 discnssit
733 1227 824 1289 decus

85 1328 241 1371 nemorum
264 1320 293 1372 et
316 1310 403 1372 nivali
425 1320 533 1373 cuncta
555 1311 733 1374 constrinxit
754 1313 832 1391 gelu,
940 1362 946 1380 ,

86 1395 294 1475 quodnamque
317 1414 437 1475 gramen
459 1397 534 1458 flore
556 1397 707 1470 mortifero
730 1397 813 1472 viret,

84 1480 267 1561 quicumque
289 1481 375 1564 tortis
396 1499 487 1542 sucus
509 1482 540 1542 in
563 1482 712 1544 radicibus

22 1585 25 1590 ·
85 1583 188 1627 causas
211 1566 338 1626 nocendi
360 1565 472 1645 gignit,
495 1574 629 1628 attrectat
650 1585 749 1653 manu.

84 1650 267 1712 Haemonius
289 1650 353 1711 illas
376 1650 503 1714 contulit
525 1660 623 1731 pestes
646 1653 748 1725 Athos,

84 1736 137 1796 has
160 1734 272 1797 Pindus
295 1737 419 1814 ingens,
442 1735 491 1797 illa
513 1732 641 1815 Pangaei
663 1736 741 1814 iugis

85 1829 218 1882 teneram
240 1828 364 1881 cruenta
385 1820 460 1882 falce
482 1821 621 1900 deposuit
642 1839 771 1894 comam;
914 1887 916 1892 ,

85 1906 138 1966 bas
161 1905 233 1967 aluit
254 1905 344 1967 altum
369 1906 515 1985 gurgitem
538 1906 637 1984 Tigris
659 1924 809 1986 premens,

84 1990 235 2052 Danuvius
258 1991 339 2064 illas,
362 1991 414 2052 lias
436 2008 491 2070 per
512 2001 630 2053 arentes
651 1991 752 2071 plagas

84 2076 192 2156 tepidis
216 2075 367 2155 Hydaspes
390 2074 543 2154 gemmifer
565 2094 690 2137 currens
711 2076 806 2155 aquis,

86 2179 256 2240 nomenque
278 2161 366 2222 terris
388 2161 440 2240 qui
463 2161 542 2223 dedit
563 2161 660 2224 llaetis
682 2161 745 2222 suis

85 2245 227 2326 Hesperia
250 2246 373 2325 pulsans
395 2246 486 2307 maria
508 2246 661 2324 languenti
684 2247 766 2306 rado.

84 2331 157 2393 haec
179 2349 263 2411 passa
285 2333 398 2392 ferrum
421 2338 481 2406 est,
504 2332 574 2393 dum
596 2341 680 2412 parat
702 2330 840 2393 Phoebus
863 2330 950 2402 diem,
1000 2388 1005 2411 ,

85 2415 642 2492 dmfflmmmmmmffi

85 2513 115 2563 at
135 2502 225 2563 buius
248 2519 349 2579 ungue
371 2510 449 2562 secta
473 2511 588 2564 cantato
612 2520 705 2580 seges.

133 2582 161 2638 l
171 2586 323 2647 Mortifera
345 2585 439 2666 carpit
461 2587 592 2665 gramina
613 2605 648 2648 ac
669 2585 853 2665 serpentium

85 2671 199 2733 saniem
221 2671 359 2751 exprimit
382 2671 545 2750 miscetque
567 2680 597 2733 et
617 2672 760 2733 obscenas
782 2689 849 2732 ares

85 2757 248 2836 maestique
272 2775 324 2818 cor
345 2755 473 2817 bubonis
496 2767 525 2819 et
546 2775 653 2818 raucae
675 2755 775 2834 strigis

84 2849 202 2902 exsecta
223 2841 303 2903 vivae
325 2841 445 2902 uiscera.
456 2870 476 2925 s
490 2841 563 2903 haec
584 2841 731 2903 scelerum
752 2840 855 2902 artifex

87 2926 212 2988 discreta
235 2927 335 3006 ponit;
359 2927 406 2988 his
428 2944 517 3005 rapax
539 2925 582 2986 ris
604 2926 729 3005 ignium,

85 3010 133 3072 his
155 3011 249 3089 gelida
271 3011 348 3091 pigri
371 3011 490 3090 frigoris
513 3010 621 3090 glacies
643 3011 729 3072 inest.

86 3096 166 3158 addit
185 3097 309 3158 uenenis
330 3096 418 3158 rerba
440 3115 502 3158 non
525 3096 583 3157 illis
605 3096 706 3157 minus

86 3181 254 3264 metuenda.
298 3181 399 3243 sonuit
420 3200 489 3243 ecce
510 3201 617 3244 vesano
640 3181 733 3261 gradu

86 3266 235 3347 canitque.
279 3267 409 3329 mundus
431 3266 553 3328 uocibus
575 3267 679 3347 primis
701 3266 810 3330 tremit.

173 3440 223 3491 706
240 3433 499 3502 11031131111301οε11
553 3435 687 3488 703-771
706 3432 792 3485 orell
844 3434 894 3486 709
913 3443 1013 3497 sparsas
1032 3428 1058 3481 Ε
1104 3434 1163 3484 710.

87 3508 135 3558 711
156 3507 322 3572 ἱναπεροηιίὶ
338 3501 487 3554 Gronovius
540 3505 590 3555 710
607 3501 716 3554 Parthus
733 3501 833 3554 levisA
885 3500 932 3551 711
953 3497 996 3565 qui
1009 3498 1085 3552 codd.
1105 3515 1163 3551 cor·
1248 3545 1258 3565 „

86 3577 162 3625 rexit
177 3573 309 3624 Acontius
361 3573 411 3623 712
430 3585 480 3637 qno
499 3570 524 3621 11
576 3573 625 3623 713
644 3569 721 3622 Suevi
731 3570 763 3622 A.
780 3599 815 3608 —
831 3566 993 3636 Hercyniis&
1009 3565 1162 3634 (Acontius)

87 3645 138 3696 714
155 3645 329 3710 quotcumque
346 3638 372 3689 11
446 3640 496 3692 718
515 3637 618 3691 dirusre
635 3638 710 3691 tortis
727 3639 752 3690 A
775 3638 896 3705 virusque
914 3636 987 3688 tortis
1007 3634 1032 3686 11
1055 3640 1164 3688 correct

86 3762 135 3813 771
156 3758 280 3828 panchaei
297 3760 323 3811 Ε
368 3756 424 3813 774
442 3757 567 3838 dannatus
582 3757 605 3809 11
622 3755 747 3810 danubius
760 3757 816 3808 ΕΑ.
834 3783 868 3795 -
886 3715 1068 3824 superbiores
1080 3756 1165 3825 plagis

86 3831 126 3880 sic
143 3833 175 3878 ot
192 3826 281 3880 vidll
333 3829 382 3880 775
401 3825 559 3895 gemmrsferr
576 3826 633 3889 (aad
651 3825 701 3878 del.
712 3827 760 3877 ult.
778 3840 799 3888 r,
818 3827 866 3876 or'cc
883 3825 934 3879 del.
943 3832 966 3887 s)
981 3826 1004 3878 11
1056 3828 1106 3879 773
1124 3831 1164 3878 est

87 3893 180 3949 omit
232 3898 282 3949 779
300 3893 441 3948 suecisull
494 3897 543 3948 730
561 3892 803 3961 adfl.-ungell
855 3897 902 3948 731
924 3894 1061 3950 acomff
1113 3894 1164 3946 737

85 3968 114 4017 et
131 3961 224 4016 omli
293 3967 343 4018 734
361 3961 489 4017 exeetall
540 3966 590 4017 735
608 3960 690 4015 bicll
744 3965 793 4017 736
812 3960 852 4015 dis
870 3962 967 4031 gebul
