2580 4366
433 230 471 272 nn
494 229 708 273 nxnurxnmevs
730 231 859 275 exercre.
1122 217 1179 282 181

314 370 472 462 ἀνόνητον
494 372 617 462 ἄγαλμ’
643 366 670 442 ὦ
692 378 798 461 πάτερ
821 379 945 445 οἴκοισι
967 379 1077 447 τεκών.

118 464 205 545 itaque
228 465 357 527 coniecit
377 464 509 527 victimas
530 466 698 529 Minotauro
728 468 885 530 destinatas
910 468 941 529 iu
964 488 1069 531 scaena
1091 489 1182 550 appa-

116 552 203 613 ruisse
226 558 257 612 et
278 550 411 628 singulas
434 550 470 611 de
485 559 565 611 sorte
580 569 633 613 sua
648 560 825 630 conquestas
841 572 916 629 esse,
940 554 1041 616 eodem
1057 555 1182 617 sortasse

115 646 242 716 tempore
265 654 325 716 quo
356 653 423 696 oum
446 634 613 697 Minotauro
636 636 769 699 Theseus
791 637 952 699 dimicaret.
997 641 1077 719 quod
1100 641 1182 701 nullo

112 723 194 783 modo
224 720 349 782 concedi
378 728 484 800 potest.
529 740 597 782 nam
626 739 787 801 puerorum
813 722 1039 802 puellarumque
1062 741 1182 804 gregem

111 823 304 886 personarum
326 805 388 865 vice
410 805 527 866 functas
549 824 615 866 esse
641 824 709 866 cum
731 808 865 886 exemplo
888 816 1051 870 carettum
1074 811 1182 907 proha·

111 890 228 966 hlhtate‚
253 889 400 969 siquidem
423 907 540 969 pugnae
562 891 662 951 herois
684 899 787 952 contra
802 891 979 953 semibovem
1002 893 1183 956 interemere

110 976 190 1037 chori
213 976 343 1036 cilicium
367 984 438 1036 erat
477 975 507 1035 in
524 994 558 1035 eo
574 975 771 1038 rectissimum
787 985 831 1038 est
819 977 929 1038 tlahui
944 977 1086 1039 iudicium
1102 980 1182 1059 quod

109 1060 301 1142 Hippolytum
323 1059 413 1120 istum
436 1078 491 1120 uec
514 1058 621 1121 Thesei
643 1061 736 1122 filium
758 1080 831 1135 nec,
859 1062 883 1122 si
910 1061 987 1124 inter
1008 1063 1182 1125 adulescen-

109 1145 238 1208 tulorum
262 1162 418 1206 numerum
442 1154 596 1206 recenseat
597 1163 642 1218 ur,
673 1146 843 1207 choreutam
865 1146 967 1207 haberi
990 1166 1078 1227 posse
1100 1148 1181 1209 dicit.

108 1231 157 1293 sed
181 1230 270 1291 hoc'
262 1248 371 1310 ipsum,
395 1228 586 1309 Hippolytum
607 1229 741 1292 scilicet
733 1231 826 1309 ignoti
841 1232 992 1292 cuiusdam
1009 1232 1182 1295 adulescen-

108 1315 160 1377 tuli
182 1315 299 1377 Thesea
322 1315 451 1376 comitati
469 1333 577 1376 nomeu
594 1334 658 1376 esse
673 1316 734 1376 reri
749 1335 873 1396 prorsus
889 1317 1021 1378 absimile
1037 1328 1096 1392 est;
1120 1337 1182 1379 uon

109 1401 187 1480 quod
218 1399 250 1460 in
280 1417 414 1460 vasorum
444 1399 569 1478 picturis
600 1400 679 1462 inter
700 1400 806 1462 Thesei
833 1401 954 1463 comites
978 1421 1086 1463 nomen
1108 1402 1182 1464 illud

108 1504 167 1546 nou
196 1492 320 1564 apparet
348 1485 398 1557 (ci.
421 1483 503 1545 lahu.
525 1485 545 1545 l.
569 1504 645 1564 sp.
669 1487 761 1560 262),
793 1487 845 1548 sed
874 1486 942 1565 quia
964 1487 1099 1567 ineptum
1122 1495 1184 1549 erat

108 1588 218 1631 nomen
240 1569 351 1647 eligere
373 1589 388 1629 a
411 1587 471 1648 quo
494 1570 639 1648 Antiopae
660 1569 712 1630 lilii
727 1571 868 1632 memoria
884 1571 978 1632 arceri
993 1590 1053 1633 uon
1070 1581 1182 1651 posset.

107 1656 223 1716 minore
247 1652 366 1732 negotio
388 1653 435 1714 his
457 1653 678 1716 difficultatibus
690 1654 855 1733 Wagnerus
877 1674 909 1717 se
932 1657 1077 1736 expedivit
1098 1657 1182 1731 (Hor.

107 1741 176 1818 lrg.)
206 1739 259 1818 qui
287 1739 385 1818 ipsum
408 1737 515 1799 Thesei
537 1738 629 1799 lilium
656 1741 834 1819 expeditioni
858 1740 990 1801 Cretensi
1013 1741 1184 1802 interfuisse

107 1833 209 1905 putat;
232 1824 262 1884 id
285 1825 364 1903 quod
387 1823 502 1884 l'abulae
525 1831 629 1885 natura
652 1832 681 1884 et
703 1825 854 1886 communi
875 1825 1016 1886 memoria
1033 1827 1119 1905 plane
1134 1844 1183 1886 re-

106 1910 194 1972 lutari
210 1908 423 1989 peritissimum
439 1927 587 1989 quemque
602 1910 705 1986 lugere
717 1928 777 1971 non
789 1910 886 1989 potuit
897 1908 1163 1990 (Welcker.p.'l34
1172 1928 1182 1984 ;

106 1995 190 2057 lahu.
206 2013 237 2074 p.
254 1996 315 2056 255
331 1994 398 2053 adn.
416 1995 458 2070 9).
496 1994 594 2072 itaque
617 2012 739 2073 quoquo
762 2013 817 2055 nos
838 1995 979 2056 vertimus
993 2014 1054 2055 nou
1072 1993 1184 2074 patebit

107 2099 142 2142 cx
170 2080 230 2140 hoc
259 2078 427 2156 labyrintho
449 2079 544 2139 exitus
567 2079 623 2140 nisi
646 2078 783 2140 tenebras
806 2079 954 2141 discutere
977 2080 1070 2159 magis
1093 2097 1181 2159 quam

108 2165 255 2244 dispicere
277 2162 460 2224 conabimur.

193 2267 302 2328 nempe
330 2266 398 2309 cum
427 2247 457 2307 in
481 2247 595 2307 Theseo
618 2247 809 2327 hippolytum
836 2247 923 2308 verba
945 2247 999 2308 ista
1022 2249 1183 2328 protulisse

106 2352 208 2395 rerum
232 2352 297 2394 esse
320 2339 456 2411 nequeat,
479 2332 602 2393 alterum
621 2341 721 2394 utrum
737 2350 857 2406 nomen,
879 2332 939 2394 sire
954 2332 1107 2413 Hippolyti
1122 2332 1184 2394 sive

107 2418 234 2494 Thesei,
264 2424 439 2496 corruptum
460 2416 504 2477 vel
529 2417 629 2496 potius
651 2417 825 2478 scholiastae
848 2434 949 2478 errore
971 2417 1094 2479 inlatum
1117 2436 1183 2479 esse

108 2503 313 2583 consequitur.
343 2502 425 2580 atqui
442 2501 591 2581 Hippolyti
607 2502 721 2562 nomini
737 2502 816 2580 quod
831 2502 971 2564 substitui
992 2504 1087 2582 possit
1102 2502 1183 2582 cogi·

107 2590 197 2650 tando
220 2607 283 2649 non
306 2587 453 2662 invenias,
482 2587 594 2666 quippe
623 2587 709 2648 cuius
730 2587 761 2646 in
783 2587 882 2647 locum
905 2605 961 2648 nec
982 2589 1067 2666 pueri
1093 2588 1183 2649 ullius

107 2692 219 2735 uomen
242 2680 309 2752 apte
331 2672 490 2733 succedere
513 2689 569 2732 uec
591 2682 659 2751 post
680 2671 810 2751 priorem
834 2671 939 2733 scholii
961 2682 1075 2750 partem
1096 2670 1182 2733 liberi

107 2757 292 2819 coniunctim
320 2756 479 2835 significari
508 2766 618 2834 queant
645 2757 779 2826 (dixisset
807 2757 886 2817 enim
914 2755 1048 2837 λέγουσι
1070 2753 1184 2821 δὲκαὶ

107 2843 212 2906 ταῦτα
235 2841 268 2905 οἱ
291 2840 411 2915 παῖδες
441 2842 501 2902 sive
524 2837 589 2904 εἰσὶ
611 2838 647 2904 δὲ
672 2838 705 2903 οἱ
727 2840 848 2916 παῖδες
871 2839 980 2905 οἱκαὶ
1002 2842 1105 2906 ταῦτα
1129 2839 1184 2905 λέ-

106 2931 243 3010 γοντες).
280 2944 351 3004 ergo
372 2927 489 2988 fabulae
511 2944 621 2987 nomen
644 2945 745 2988 errore
762 2936 863 2989 netum
879 2945 944 2988 esse
960 2928 1182 2989 concludemus.

106 3014 188 3094 quod
211 3031 251 3074 ne
272 3020 397 3074 testatur
418 3012 538 3091 quidem
561 3020 618 3072 tam
642 3011 751 3072 diserte
774 3012 928 3073 scholiasta
952 3031 1040 3109 quam
1055 3013 1087 3072 in
1101 3013 1181 3089 frag-

106 3106 278 3161 mentorum
307 3096 558 3172 conlectionihus,
589 3097 675 3157 etiam
704 3097 735 3157 in
758 3096 944 3171 Nauckiana,
974 3097 1047 3158 nisis
1070 3097 1184 3158 scilicet

108 3184 166 3245 illis
195 3182 311 3259 vulgata
339 3191 407 3243 aute
429 3181 620 3242 Duehnerum
648 3181 791 3254 lectione,
823 3181 972 3282 scribitqr.
1016 3181 1047 3242 in
1070 3180 1182 3241 Veneto

107 3269 181 3330 haec
203 3276 250 3329 est
238 3267 361 3330 taltera
378 3264 487 3327 scholii
509 3285 593 3369 pars:
625 3262 662 3327 τὸ
687 3263 722 3329 dt
746 3263 834 3365 ἑξῆ,ς
864 3263 903 3327 τὸ
927 3256 1084 3370 ἀνόνητον
1107 3258 1182 3347 ἄρα,

104 3346 338 3425 Ἱππόλυτός’
325 3371 414 3414 εστιν
438 3343 455 3412 ὁ
480 3346 616 3431 λέγων
601 3358 682 3414 εκεῖ·
707 3342 864 3430 ἀνόνητον
879 3346 1010 3432 ἄγαλμα
1025 3345 1088 3413 xci.
1128 3367 1184 3410 nec

107 3458 179 3501 sane
201 3436 397 3516 improbabile
418 3436 533 3497 videtur
555 3436 701 3499 Hebilit
668 3437 823 3514 utriusque
849 3435 1006 3533 fragmenti
1033 3435 1132 3496 colore
1155 3441 1185 3495 et

108 3541 303 3586 numerorum
332 3521 524 3585 similitudine
554 3532 583 3582 et
611 3530 672 3582 arta
699 3520 945 3582 versiculorum
938 3541 969 3582 m
992 3521 1094 3582 eodem
1115 3521 1183 3581 loco

108 3607 322 3671 coniunctione
338 3606 523 3667 scholiastam
539 3606 692 3667 inductum
709 3624 773 3667 esse
789 3613 822 3666 ut
834 3606 928 3666 eidem
941 3605 1055 3667 fabulae
1068 3615 1184 3668 utrum·

107 3710 167 3775 que
182 3691 358 3766 ascriberet;
382 3692 461 3791 qqod
477 3691 609 3792 utiquel
607 3692 700 3752 ecisse
715 3691 883 3770 putabimus
898 3692 949 3788 qui
965 3691 1184 3752 adnotationem

105 3780 211 3842 talem:
227 3773 315 3840 ἐστὶν
324 3768 549 3850 ‘Immdlocog‘
534 3796 550 3837 o
562 3772 663 3856 λέγων
675 3775 779 3838 ταῦτα
794 3794 860 3836 cum
874 3777 975 3855 priore
986 3773 1184 3837 coniunxerit.

195 3881 268 3942 ergo
291 3862 315 3922 si
337 3861 498 3922 tenendum
521 3869 565 3922 est
580 3860 771 3963 Hippolytum
791 3861 871 3940 apud
886 3860 1060 3959 Euripidem
1076 3857 1184 3920 dixisse

315 3940 471 4029 ἄνόνντον
495 3939 617 4027 ἄγαλμ’
643 3945 669 4007 ὠ
692 3942 797 4026 πάτερ
821 3945 944 4009 οικοισι
965 3941 1076 4018 τεκών,
