2580 4366
478 221 516 263 nu
537 222 668 264 merus
690 223 814 266 corano.
1144 210 1185 274 53

104 371 165 434 fici
182 390 267 451 posse
289 371 497 434 existimarem.
542 392 650 452 nempe
679 373 744 435 eius
767 375 885 453 generis
907 393 1111 457 quaecumque
1133 379 1185 440 ad·

106 457 182 518 ferri
209 465 337 538 possunt
365 459 515 519 neminem
538 466 651 537 cogunt
672 471 705 520 ut
727 479 744 520 a
765 460 888 521 diversis
909 463 1081 523 auctoribus
1102 463 1185 525 locos

107 543 190 604 inter
218 562 250 604 se
278 549 465 623 comparatos
498 544 671 623 provenisse
697 545 849 607 concedat.
899 565 955 608 nec
983 547 1056 608 mihi
1085 548 1186 611 videor

107 625 172 688 talc
189 628 346 708 quicquam
369 626 592 708 comprobasse:
621 630 818 709 comprobavi,
841 629 872 690 id
896 632 976 710 quod
1000 651 1087 693 nemo
1110 652 1185 695 con·

113 712 296 774 euoenon
319 720 433 793 potest,
463 713 619 774 Herculem
644 712 803 791 Oetaeum,
833 715 858 776 si
887 736 903 777 a
933 717 1046 778 Seneca
1076 719 1186 798 scripta
1268 720 1271 725 ’

114 795 170 872 sit,
187 806 252 878 post
274 798 404 878 reliquas
426 799 609 876 tragoedias,
633 798 735 859 saltem
757 808 825 878 post
847 800 1004 863 Herculem
1026 803 1187 880 furentem,

117 881 247 963 scriptam
269 901 346 945 esse.

196 987 252 1048 quo
276 968 440 1030 constituto
464 967 541 1029 ultra
556 969 696 1048 progredi
711 968 794 1044 licet;
817 969 930 1031 scilicet
944 970 1053 1032 bonam
1067 971 1185 1048 frugem

123 1048 173 1112 ian
190 1073 223 1116 cx
244 1073 281 1116 eo
303 1052 473 1133 disputandi
495 1071 606 1131 genere
624 1054 775 1133 capiemus
793 1073 853 1134 quo
868 1056 1045 1135 plerumque
1061 1057 1184 1118 omnino

123 1135 187 1198 nihil
206 1138 342 1201 efficitur.
376 1137 644 1198 demonstrabimus
667 1147 765 1200 autem
787 1139 877 1201 huius
899 1140 1065 1218 tragoediae
1087 1141 1185 1221 scrip-

122 1226 204 1284 torem
229 1223 382 1284 hominem
410 1222 544 1302 ineptum
574 1241 639 1284 esse
669 1231 697 1284 et
725 1222 864 1284 stolidum
893 1233 1014 1304 totoque
1045 1226 1125 1288 caelo
1147 1225 1185 1286 ab

125 1300 245 1370 Herculis
267 1308 396 1370 furentis
418 1314 547 1380 auctore,
571 1307 684 1368 tumido
707 1307 825 1388 quidem
848 1318 878 1370 et
899 1310 1006 1382 efflato,
1029 1311 1080 1371 sed
1096 1319 1183 1373 acuto

124 1392 212 1454 eodem
234 1412 290 1455 nec
312 1411 450 1472 pervorse
473 1392 621 1471 cogitante
642 1401 799 1454 remotum.
836 1401 951 1472 poterat
967 1402 1064 1456 extare
1080 1395 1185 1475 aliquis

125 1488 152 1532 tt
170 1479 263 1540 dicere
284 1478 384 1540 iuveni
406 1486 511 1557 poetae
533 1478 666 1539 nondum
690 1477 721 1539 in
741 1478 799 1539 hoc
815 1498 924 1557 genere
940 1480 1096 1541 exercitato
1112 1498 1185 1541 con-

123 1555 244 1626 donanda
267 1581 332 1624 esse
354 1581 429 1642 quae
451 1562 610 1642 vituperari
634 1562 774 1624 debeant:
797 1563 827 1623 id
850 1564 931 1642 quod
947 1565 1051 1626 cadere
1068 1564 1100 1626 in
1116 1583 1185 1626 eum

123 1649 215 1726 nequit
237 1649 288 1729 qui
312 1649 369 1709 iam
391 1646 521 1727 priorem
544 1647 704 1708 Herculem
726 1649 936 1727 composuerit.
1173 1709 1175 1713 ,

195 1743 282 1813 atque
303 1733 438 1813 perlegas
460 1732 486 1792 si
508 1732 604 1812 placet
623 1729 771 1794 canticum
787 1733 866 1812 quod
884 1742 928 1794 est
941 1733 1012 1794 inde
1027 1752 1043 1793 a
1057 1753 1083 1792 v.
1103 1734 1180 1796 1031

121 1819 143 1871 et
153 1820 309 1899 praecipue
320 1818 357 1878 de
369 1817 491 1897 Orpheo
503 1818 702 1880 narrationem
721 1819 940 1890 coac-1099,
956 1818 992 1877 de
1007 1835 1065 1895 qua
1081 1835 1185 1896 quam·

120 1911 200 1972 tuam
227 1922 289 1966 non
319 1902 417 1964 omnia
446 1911 527 1963 recte
555 1902 715 1982 disputavit
736 1902 896 1963 Goebelius
918 1902 1063 1979 (lluetzel.
1086 1902 1185 1963 annal.

119 1977 188 2064 XVI,
204 1991 263 2054 738
279 1991 345 2068 sep),
368 1988 476 2049 suflicit
490 1997 589 2049 tamen
607 1987 698 2049 semol
720 1987 954 2050 demonstratum
978 2005 1042 2048 esse
1058 1994 1187 2067 quanto·

119 2082 185 2141 pere
205 2073 343 2136 carminis
365 2080 468 2135 auctor
489 2072 621 2152 ineptiat.
659 2073 760 2134 eadem
784 2091 911 2134 censura
932 2072 1086 2134 Deianirae
1107 2071 1184 2134 Her-

119 2156 189 2219 culis
214 2168 338 2220 mortem
367 2159 423 2218 sibi
451 2157 656 2237 exprobrantis
685 2157 821 2236 morique
853 2157 1027 2219 destinantis
1059 2158 1186 2219 lamenta

120 2244 311 2323 persequaris.
355 2262 448 2323 pauca
470 2252 600 2320 tangam.

198 2349 222 2389 v.
238 2331 300 2394 842
718 2328 831 2406 factum
853 2338 893 2389 est
914 2327 1011 2389 scelos.
1044 2381 1047 2386 .

313 2422 417 2474 uotum
437 2415 557 2492 reposcit
578 2411 718 2492 luppiter,
742 2411 817 2474 luno
840 2412 1003 2484 (roccoleno,⁸

314 2498 473 2559 reddendus
495 2497 560 2558 ordi
580 2508 639 2558 cot.-
661 2498 735 2578 quod
752 2508 842 2577 potes,
864 2498 947 2559 redde
968 2495 1078 2572 calibe,

315 2592 360 2643 eat
376 2600 433 2663 per
454 2593 535 2644 ortos
556 2586 631 2644 ensis
653 2593 769 2643 exodus
791 2600 875 2643 meos.
1209 2654 1214 2664 ,

131 2658 151 2718 Si
170 2667 262 2747 superi
284 2667 444 2728 Herculem
466 2676 646 2747 reposcunt,
675 2685 736 2728 non
758 2678 804 2728 est
826 2665 980 2728 Deianirae
1003 2663 1100 2725 scelus
1126 2682 1185 2742 quo

133 2751 236 2836 occidit3
259 2753 339 2831 quod
356 2751 420 2812 orbi
442 2751 526 2813 illum
548 2751 731 2813 reddendum
754 2761 839 2832 putat
860 2770 922 2813 non
946 2758 990 2811 ost
1008 2767 1062 2810 our
1076 2767 1108 2809 se
1122 2749 1187 2829 ipsa

133 2837 283 2900 loterllciat:
308 2856 343 2897 eo
366 2846 416 2898 aut
438 2854 564 2916 poenam
587 2836 680 2898 solvat
701 2846 753 2898 aut
774 2837 869 2897 dolori
889 2834 1047 2897 satisfaciat
1062 2842 1095 2895 ut
1109 2852 1185 2912 quae

133 2914 181 2980 tine
199 2923 248 2982 illo
266 2923 364 2982 rivere
385 2927 523 3001 nequeat.
554 2920 604 2982 sed
624 2921 695 2982 dixit
716 2921 817 3001 potius
839 2922 919 2999 quod
935 2920 1007 2981 dixit
1022 2918 1091 2997 quia
1106 2917 1187 2999 puti-

133 2997 159 3062 do
176 3006 333 3069 cacozeliae
355 3024 464 3086 genere
487 3005 635 3067 abstinere
658 3025 717 3067 non
741 3005 853 3086 potuit:
882 3005 1041 3066 Herculem
1063 3003 1188 3064 reddere

133 3090 233 3172 requis3
263 3092 355 3154 redde
382 3091 472 3168 igitur
500 3090 581 3170 quod
608 3098 709 3170 potes:
739 3108 877 3172 poenam.
888 3093 912 3166 3)
956 3089 1008 3152 sed
1034 3087 1188 3148 audiamus

132 3183 367 3249 prosecuntur:
387 3172 473 3236 ‘ense
494 3193 543 3237 me
563 3174 717 3236 trucidabo
724 3193 733 3250 ;
757 3184 786 3237 at
808 3175 903 3237 nimis
916 3175 989 3235 haec
1004 3190 1101 3252 poena
1116 3169 1188 3231 levis

131 3266 174 3335 tat3
203 3280 241 3324 an
264 3261 341 3323 lovis
362 3259 486 3323 fulmine
509 3257 664 3321 occidam?
687 3261 760 3339 quin
784 3261 846 3341 ipsa
869 3259 978 3340 potius,
1001 3274 1040 3316 ne
1063 3255 1108 3315 dis
1122 3272 1188 3316 mo·

130 3335 186 3407 lua
204 3347 289 3423 flam,
311 3347 425 3408 terrum
447 3345 615 3426 occupabo;
645 3345 697 3406 sed
720 3363 775 3406 cur
795 3341 931 3407 ferrum‘l
961 3342 996 3402 dc
1018 3358 1094 3419 rupe
1115 3357 1188 3421 pro-

130 3425 206 3492 tiliam
229 3440 258 3494 et
278 3430 436 3512 multiplici
458 3439 554 3493 morte
567 3423 691 3510 peribo’.
719 3422 802 3492 ‘levis
816 3449 877 3491 uuo
891 3445 969 3488 mors
986 3436 1027 3488 est
1040 3461 1082 3483 -,-
1098 3420 1189 3489 levis?

130 3517 281 3579 sectandi
296 3511 415 3597 poteat'.
457 3513 545 3592 (Oed.
568 3515 630 3579 948
660 3517 735 3596 qood
757 3533 839 3595 saepe
860 3514 928 3594 pieri
946 3529 1005 3574 acu
1022 3521 1115 3594 potest
1135 3510 1189 3592 fiat

131 3595 187 3676 lia).
214 3601 312 3681 pergit
333 3619 424 3663 sensu
446 3601 534 3680 plane
557 3598 593 3660 ab
615 3617 648 3660 re
670 3600 782 3660 alieno:
806 3599 908 3677 eligere
924 3602 1014 3659 aeroas
1032 3601 1128 3658 auimo
1141 3595 1190 3657 cui

132 3682 171 3745 ttlo
190 3686 304 3748 meotes
326 3685 513 3764 (cedmae
536 3685 637 3764 eligere
659 3689 747 3745 nescis
769 3685 905 3759 vulnus);
928 3682 1012 3744 dein:

132 3779 317 3798 S·—

152 3835 154 3842 ·
202 3818 286 3882 llum
302 3822 380 3884 piget
396 3835 413 3868 a
428 3819 535 3868 Parthis
553 3834 569 3868 a
588 3818 684 3882 quidm
700 3815 821 3868 nondum
838 3832 938 3882 poenae
955 3816 1110 3879 repetiimus
1128 3826 1189 3860 ovar

136 3889 282 4006 migma
289 3886 375 3938 hercle
391 3891 500 3938 venuste
516 3890 544 3936 at
562 3883 710 3937 concinnius
728 3899 826 3950 suoque
844 3883 901 3935 loco
919 3882 983 3932 dixit
1004 3879 1106 3999 Seneca
1119 3891 1189 3929 const

188 3990 193 4004 .
242 3991 249 4018 ,
284 3993 290 4006 .
