2580 4366
125 216 186 279 378
591 233 732 277 vmmcms

124 390 175 446 stis
196 389 223 444 se·
249 385 367 445 solueret
395 385 473 444 uredo
495 388 642 456 metuam,
672 396 698 446 te
720 395 845 464 peterem
874 384 973 446 tabula
996 391 1110 467 remige
1131 400 1204 450 oeus

124 474 202 531 mart·
226 477 255 530 et
276 467 399 545 Gregori
427 468 611 530 Turonensis
634 470 701 530 hist.
724 469 827 531 Fraoc.
852 468 898 541 VI,
915 471 956 534 26
981 473 1034 544 (71
1063 491 1095 552 p.
1111 473 1203 536 39411

125 555 236 632 Migoe)
258 565 325 616 tuac
339 556 371 613 t'rt
382 553 508 633 pmiculo
521 558 610 634 positi
624 553 679 617 olii
691 555 787 616 nando
802 564 961 626 evaseruut,
984 556 1129 618 nonnulli
1142 576 1203 618 uero

125 643 246 718 arreptis
267 643 397 719 ipsarum
419 643 540 700 motum
562 639 666 701 tabulis
688 643 843 718 ottiperatat
863 638 941 701 titus.

504 919 508 925 ,
545 844 775 914 euoumsstr

215 988 250 1049 13
563 1002 619 1063 pao
637 994 790 1064 peragrato
812 984 883 1047 celer

331 1088 385 1150 per
406 1088 480 1131 saco
501 1080 595 1130 mame
617 1072 704 1131 iacuit
726 1069 929 1133 Actaeoossais

334 1173 410 1216 aava
427 1156 539 1234 praeda,
558 1152 683 1215 comibus.

126 1240 179 1300 ista
209 1239 278 1300 satis
306 1239 379 1300 dure
408 1240 484 1300 dicta
512 1248 591 1300 suot
642 1237 754 1299 scilicet
785 1256 844 1300 uon
870 1252 1026 1320 peragrato
1049 1261 1107 1322 per
1135 1263 1202 1305 sacco

125 1335 228 1396 moute,
252 1324 303 1384 sed
326 1324 397 1385 ceter
414 1342 468 1404 per
488 1341 562 1385 samo
580 1321 721 1400 coniungi
744 1321 841 1399 debet,
864 1341 925 1384 nou
949 1327 1109 1388 commode
1132 1347 1202 1408 quo-

47 1434 49 1447 ·
127 1409 205 1470 niam
228 1407 325 1487 ipsum
348 1426 457 1469 nomeu
481 1407 568 1469 nimis
589 1407 672 1469 tarde
694 1408 839 1487 sequitur.
877 1426 964 1470 causa
988 1413 1121 1474 contorti
1144 1432 1201 1475 ser-

126 1493 223 1555 monis
246 1492 367 1555 imitatio
391 1493 474 1554 Ovidi
498 1501 543 1555 est
565 1493 617 1572 qui
639 1491 711 1553 dixit
735 1500 805 1553 met.
827 1492 877 1568 ltt,
900 1495 963 1556 225
986 1495 1024 1556 de
1046 1497 1201 1561 Actaeonis

127 1578 265 1640 canibus:
290 1597 322 1639 ea
344 1577 429 1640 turba
444 1578 575 1658 cupidine
593 1577 719 1658 praedae
736 1596 791 1657 per
804 1596 889 1658 rupes
902 1578 1088 1662 scopulosque
1108 1585 1201 1645 aditu-

127 1684 179 1745 que
200 1667 327 1726 carentia
347 1681 430 1738 sama,
454 1681 561 1743 quaque
584 1673 624 1724 est
646 1661 774 1742 difficilis
795 1681 902 1744 poaque
924 1675 965 1726 est
985 1669 1035 1728 oia
1056 1667 1142 1730 nutu
1162 1687 1200 1729 se·

126 1760 240 1811 cuntur.
271 1748 308 1809 cf.
326 1766 400 1828 quae
416 1748 451 1809 de
468 1747 570 1808 eodem
586 1746 671 1808 Ovidi
686 1746 752 1807 loco
768 1766 783 1808 a
799 1746 912 1810 Seneca
927 1766 1069 1828 expresso
1085 1750 1200 1821 monui·

126 1850 192 1895 mus
214 1832 299 1894 vol.l
322 1852 351 1913 p.
370 1835 440 1896 116.
463 1867 505 1876 -
527 1832 563 1893 ed
585 1851 610 1893 v.
630 1833 668 1894 19
692 1831 728 1893 cf.
744 1830 851 1894 Phaed.
870 1835 951 1898 1093
974 1835 1096 1899 inlisum
1112 1848 1200 1918 ceput.

215 1955 271 2013 111
428 1955 460 2012 e'a
480 1951 553 2012 altos
573 1954 632 2031 ipse
653 1969 698 2010 me
719 1954 873 2014 immittam
894 1971 987 2031 rogos,

334 2036 451 2097 haerebo
474 2036 511 2098 ad
530 2041 617 2114 iptees.

126 2121 182 2182 hoc
199 2121 330 2201 Oedipus
353 2121 436 2182 dicit:
461 2138 565 2199 rogum
588 2120 651 2200 ipse
677 2119 832 2181 ascendam
853 2122 1039 2202 flammisque
1061 2123 1144 2204 ligna
1159 2143 1200 2186 ar·

126 2206 224 2267 dantia
245 2206 445 2286 complectens
465 2205 681 2279 adhaerescam,
704 2212 736 2264 ut
756 2204 839 2266 avelli
858 2224 1012 2287 nequeam.
1043 2209 1102 2271 iam
1126 2210 1200 2289 quod

126 2292 156 2352 in
173 2291 199 2351 11
219 2293 368 2370 sequitur:
391 2290 513 2368 funebre
534 2289 679 2352 escendere
700 2301 808 2352 struem
831 2290 913 2368 (ind
935 2310 996 2353 uon
1017 2293 1096 2356 bene
1112 2296 1200 2357 inter·

126 2376 257 2456 potatum
279 2375 402 2454 legitur:
430 2387 547 2437 erectam
574 2375 611 2436 ad
635 2378 712 2454 ipaes
738 2374 889 2454 funebrem
910 2378 1062 2440 asceudam
1083 2384 1199 2451 struem)

126 2460 266 2521 idoneum
282 2478 402 2521 sensum
418 2478 477 2521 nou
494 2458 628 2539 praebet,
651 2459 791 2538 quoniam
811 2459 917 2523 fortius
932 2461 1044 2543 aliquid
1061 2472 1090 2526 et
1112 2465 1200 2526 maius

127 2544 313 2607 fortissimam
336 2544 415 2606 illam
437 2554 466 2605 et
488 2544 544 2606 iam
575 2543 658 2624 quasi
681 2551 839 2607 extremam
867 2547 1043 2609 sententiam
1066 2550 1200 2631 excipere

127 2628 223 2689 debet.
268 2629 455 2691 nesciorum
478 2628 547 2710 quid
572 2627 692 2709 cogitari
715 2629 809 2708 possit
830 2639 948 2710 praeter
962 2630 1036 2692 iilud
1058 2635 1141 2715 quod
1158 2653 1201 2696 re·

125 2714 216 2785 stitui,
239 2721 272 2776 ut
287 2715 363 2777 dicat
379 2713 518 2777 nimirum
540 2712 672 2795 Oedipus
693 2722 755 2775 toto
777 2732 809 2776 se
824 2734 949 2796 corpore
970 2717 1097 2781 flammis
1113 2727 1202 2782 semet

126 2798 360 2865 insinuatarum:
382 2799 503 2879 fumare
522 2799 678 2861 abscondar
699 2809 785 2862 strue.

602 3005 729 3075 uuum
1282 3014 1286 3187 p

211 3146 273 3210 205
316 3149 432 3228 sceptris
452 3145 586 3227 superbos
609 3149 733 3227 quisquis
754 3146 881 3207 admouit
901 3164 1014 3209 mattas.

127 3250 187 3292 uon
203 3231 268 3293 siue
284 3231 408 3294 consilio
424 3230 546 3293 verbum
562 3228 662 3312 posuit
676 3237 762 3327 poeta
777 3229 898 3291 stoicus.
938 3228 1009 3293 dicit
1028 3234 1110 3295 enim
1127 3234 1201 3296 sero·

126 3334 175 3377 ces
204 3315 267 3377 fieri
289 3334 387 3377 mores
408 3314 537 3377 hominis
560 3314 610 3376 ubi
641 3332 768 3394 primum
793 3321 907 3397 sceptra
935 3313 1081 3395 attigerim
1110 3318 1202 3399 signi·

125 3400 261 3463 ficamius
283 3401 375 3480 igitur
396 3402 521 3462 admouit
541 3417 632 3545 poam
660 3398 740 3479 quod
763 3399 992 3465 commodiorem
1018 3402 1202 3482 praebuisset

126 3487 301 3549 sententiam
317 3487 453 3548 adsuevit.
484 3484 527 3547 sic
567 3492 611 3546 ro.
628 3486 688 3547 152
703 3502 761 3546 aare
777 3484 908 3547 adsuetas
922 3486 960 3548 od
972 3492 1085 3569 sceptra
1098 3478 1201 3551 marem

123 3583 186 3652 post
208 3584 287 3651 terga
309 3569 386 3633 dudit
406 3568 607 3644 Lucansvtss,
623 3570 685 3633 452
707 3569 752 3631 uit
768 3569 857 3651 podet
877 3571 1006 3633 adsuetos
1026 3576 1155 3654 sceptris.

211 3692 273 3755 344
316 3700 462 3769 spargeret
484 3706 563 3751 arces
585 3693 682 3766 (ostris
704 3687 802 3766 codd.)
822 3688 963 3771 audetque
982 3693 1060 3770 ipsos
1281 3698 1287 3743 t

314 3792 395 3836 mare
418 3775 585 3854 deprensum
1283 3782 1286 3789 '

126 3859 222 3939 aptius
243 3877 298 3939 per
316 3858 439 3939 gradum
461 3857 563 3937 augeri
585 3858 680 3937 imago
703 3875 766 3921 uon
787 3859 884 3938 potuit
907 3877 993 3941 quam
1016 3867 1050 3921 ut
1072 3861 1201 3943 primum
1251 3858 1256 3867 “
1282 3796 1289 3927 Ι

124 3943 316 4024 scopulorum
334 3945 496 4021 cacumina,
512 3942 619 4005 deiude
635 3943 730 4006 nubes
745 3942 826 4022 ipsae
840 3961 979 4025 expressa
994 3962 1071 4024 aqua
1085 3945 1201 4027 aspergi
1285 3966 1289 4023 ξ
