2580 4366
148 210 209 275 282
532 228 560 269 n.
583 226 687 269 anunm
709 225 835 268 4444444

148 379 243 459 Scylla
266 387 295 439 et
318 376 477 456 Charybdis
500 376 598 438 Sicula
621 387 824 456 contorquens
846 377 926 441 lucta

147 465 247 525 minus
270 461 426 538 timendae,
450 461 529 523 nulla
553 479 613 523 non
637 461 741 523 melior
764 463 825 522 lem
848 469 903 524 est.

148 566 275 626 namque
297 557 330 609 ut
352 546 459 607 reluxit
481 546 601 626 paelicis
624 553 724 626 captae
747 547 837 609 decus

149 643 178 694 et
199 632 281 693 fulsit
302 631 363 692 lole
386 631 481 711 qualis
503 630 624 693 innubis
647 631 709 693 dies

148 717 267 797 purisve
290 717 402 777 clarum
426 716 562 778 noctibus
584 715 666 777 sidus
691 717 787 792 micat,

148 802 229 864 stetit
250 801 361 863 furenti
384 801 487 863 similis
510 819 544 862 ac
566 810 682 862 torvum
704 801 826 863 intuens

149 886 293 948 Herculea
316 886 463 960 coniunx;
486 887 543 946 feta
566 897 600 948 ut
622 887 760 947 Armenia
782 886 883 947 iacens

148 972 203 1034 sub
226 990 302 1050 rupe
324 971 408 1050 tigris
430 971 517 1032 hoste
539 979 700 1049 conspecto
724 971 806 1032 exilit

148 1065 197 1118 aut
219 1057 298 1117 iussa
321 1057 454 1135 thyrsum
477 1063 598 1134 quatere
622 1063 799 1135 conceptum
823 1055 923 1118 ferens

148 1142 267 1202 Maenas
289 1141 428 1220 Lyaeum,
452 1140 539 1202 dubia
563 1158 622 1218 quo
645 1157 765 1218 gressus
790 1141 866 1201 ferat

148 1225 242 1287 haesit
263 1243 439 1305 parumper3
464 1232 525 1286 turn
549 1242 604 1304 per
626 1224 788 1287 Herculeos
810 1225 886 1286 lares

149 1310 270 1371 attonita
294 1310 397 1383 fertur,
420 1317 480 1370 tota
501 1311 548 1370 vix
571 1310 641 1371 satis
664 1320 709 1371 est
731 1310 853 1371 domus:

150 1394 286 1467 incurrit,
310 1402 397 1469 errat,
420 1394 506 1469 sistit,
529 1395 559 1455 in
583 1395 678 1455 voltus
700 1395 785 1454 dolor

150 1479 296 1559 processit
318 1479 425 1554 omnis,
449 1480 561 1558 pectori
586 1498 681 1558 paene
703 1479 807 1540 intimo

150 1563 224 1625 nihil
247 1572 291 1626 est
312 1563 464 1638 relictum;
488 1565 576 1625 fletus
599 1564 768 1642 insequitur
789 1563 893 1624 minas.

150 1668 206 1711 nec
229 1668 307 1710 unus
330 1648 446 1709 habitus
469 1650 554 1710 durat
576 1656 626 1711 aut
648 1667 709 1710 uno
731 1649 805 1709 furit

150 1743 288 1795 contenta
311 1733 407 1794 voltu:
431 1752 513 1794 nunc
535 1733 727 1794 inardescunt
741 1731 851 1811 penae,

149 1818 245 1897 pallor
267 1818 406 1879 ruborem
428 1817 511 1897 pellit
534 1827 561 1879 et
584 1820 693 1879 formas
716 1818 801 1878 dolor

150 1909 228 1964 errat
249 1922 303 1982 per
326 1921 443 1964 omues:
468 1903 613 1983 queritur,
635 1903 782 1982 implorat,
806 1901 904 1981 gemit.
924 1972 928 1977 ⁴

150 2006 279 2050 sonuere
301 1997 418 2067 postes:
444 2007 512 2049 ecce
535 1988 689 2068 praecipiti
712 1988 805 2066 gradu

150 2081 261 2134 secreta
283 2072 390 2134 mentis
413 2090 463 2133 ore
487 2073 611 2133 confuso
635 2073 735 2134 exerit.

440 2224 619 2285 DEthth

236 2325 459 2404 Quamcumque
481 2334 595 2404 partem
618 2326 695 2388 sedis
717 2325 863 2387 aetheriae
885 2325 1011 2403 premis,

151 2409 281 2469 coniunx
303 2408 456 2485 Tonantis,
480 2411 563 2472 mitte
586 2411 617 2472 in
641 2410 763 2472 Alciden
785 2411 876 2470 leram

153 2512 227 2573 quae
250 2493 322 2555 mibi
345 2496 414 2556 satis
437 2496 484 2556 sit.
529 2496 553 2556 si
576 2514 634 2574 qua
655 2495 816 2557 fecundum
839 2501 928 2573 caput

151 2578 258 2659 palude
280 2586 340 2641 tota
361 2580 470 2641 vastior
492 2598 616 2659 serpens
638 2588 745 2655 movet,

152 2663 252 2740 ignara
275 2664 362 2738 vinci,
385 2665 409 2725 si
433 2664 503 2744 quid
526 2665 650 2727 excessit
673 2667 749 2726 feras

89 2776 93 2781 ·
152 2749 278 2811 immane
301 2749 398 2810 dirum
421 2749 572 2824 horribile,
595 2769 655 2828 quo
677 2750 739 2811 viso
762 2747 904 2810 Hercules

150 2841 260 2895 avertat
282 2834 395 2909 oculos,
419 2834 476 2895 hoc
499 2853 590 2914 specu
614 2835 758 2897 immenso
783 2841 873 2895 exeat.

151 2919 196 2979 vel
218 2919 243 2980 si
266 2920 345 2980 ferae
368 2928 523 2999 negantur,
547 2919 623 2980 hanc
646 2920 771 2981 animam
795 2934 901 2998 precor

152 3013 289 3065 converte
313 3004 342 3064 in
366 3004 484 3082 aliquod
509 3038 548 3048 -
572 3005 724 3082 quodlibet
745 3020 866 3083 possum
889 3001 999 3064 malum

152 3088 206 3148 hac
228 3099 326 3151 mente
349 3089 422 3149 fieri.
468 3089 619 3150 commoda
643 3090 768 3168 effigiem
791 3087 864 3148 mihi
1192 3099 1232 3151 toa

151 3191 251 3253 parem
275 3173 384 3234 dolori:
409 3192 469 3234 non
493 3173 571 3253 capit
592 3182 696 3253 pectus
719 3172 823 3234 minas.

152 3258 222 3337 quid
246 3257 358 3320 excutis
381 3257 494 3319 telluris
516 3267 662 3321 extremae
685 3258 769 3320 sinus

152 3343 314 3423 orbemque
335 3340 455 3404 versas?
490 3343 560 3422 quid
583 3362 668 3424 rogas
690 3343 785 3404 Ditem
809 3337 905 3402 mala?

152 3446 256 3490 omnes
278 3429 309 3489 in
331 3427 387 3490 isto
410 3436 531 3508 pectore
552 3427 684 3491 invenies
706 3428 784 3490 ieras

239 3616 339 3666 236111.
358 3615 397 3663 est
415 3609 526 3662 timenda
545 3611 621 3662 codd.
640 3615 749 3661 coarcat·
817 3612 867 3662 238
884 3609 909 3660 iu
928 3608 1010 3660 nubes
1028 3609 1054 3660 n·
1118 3612 1171 3664 239

151 3694 240 3732 rumve
258 3679 373 3733 clarisA
444 3680 490 3730 241
511 3682 625 3729 armento
642 3679 728 3730 iacens
747 3680 771 3727 A
829 3679 880 3730 244
898 3690 1001 3742 gressus
1020 3682 1083 3744 apat
1105 3680 1132 3730 A
1200 3678 1229 3730 46

151 3746 284 3814 lymphata
302 3747 406 3815 rapitur,
425 3750 478 3798 tota
497 3747 522 3797 A
590 3749 638 3799 241
658 3746 745 3798 vultus
763 3745 820 3810 EA,
840 3745 874 3806 cf
894 3745 916 3809 I,
934 3744 967 3796 61
1029 3748 1080 3799 248
1101 3744 1229 3800 omnesd

153 3816 202 3868 249
220 3815 268 3868 ins.
287 3815 408 3882 genasA
461 3816 509 3868 251
528 3813 638 3866 vultuA
656 3816 804 3879 acutique
855 3814 905 3865 265
923 3811 1052 3865 externa
1102 3817 1155 3870 266
1172 3826 1228 3883 qut·

152 3896 261 3948 cumque
278 3883 303 3933 Ε
371 3884 418 3936 261
439 3882 508 3948 quod
526 3881 559 3933 Ε.
577 3911 610 3920 -
628 3880 743 3933 hercules
762 3897 796 3932 erc
813 3880 923 3933 herculis
942 3881 957 3932 1
967 3896 1001 3931 m.
1024 3881 1050 3933 Ε
1105 3886 1158 3939 262
1176 3883 1228 3936 siun

151 3949 221 4002 imm.
239 3951 263 4001 A
333 3952 382 4003 264
400 3949 497 4017 aliquid
515 3953 534 4014 ς
603 3951 652 4002 269
670 3948 785 4001 invenias
804 3948 829 3999 A
