2580 4366
448 217 486 259 DE
508 216 634 260 sturlcls
655 217 841 262 Postumius.

70 383 93 424 v.
151 369 221 448 495
245 366 405 446 sapphicus
428 368 579 428 inversus:

313 455 443 531 uiou'pue
464 452 544 514 lictis
566 452 699 514 66661666
720 452 823 530 sontes.

75 534 190 597 illem
210 540 263 616 Ag.
287 537 346 600 827

314 619 369 681 tili
388 625 543 683 coucitatus
564 621 689 684 substitit
710 624 843 684 muudus.

79 723 106 764 s.
155 707 222 770 496
244 704 386 767 alcaicus:

314 801 342 851 et
362 793 458 852 161616
478 791 565 852 odoro
588 788 687 852 lesbio
707 810 770 852 eum
797 791 892 870 tllpmo

84 875 214 951 quales
235 883 335 936 extant
356 883 508 953 praeterea
532 877 603 937 712.
627 878 698 938 716.
723 879 794 938 725.
818 879 889 940 726.
935 882 987 956 Ag.
1012 883 1083 944 597.
1108 883 1179 946 598.

86 960 188 1021 609.
209 961 279 1024 821.
304 961 374 1024 830.
399 961 460 1024 862
483 970 512 1022 61
533 960 595 1021 basi
617 959 739 1022 iambica
755 961 828 1022 066.
846 964 906 1026 723
930 973 962 1024 61
976 964 1048 1027 Hor.
1064 966 1087 1044 l',
1103 969 1133 1044 9,
1152 971 1178 1030 1.

87 1075 148 1086 -
180 1064 204 1105 r.
224 1046 286 1108 498
310 1044 432 1104 dimeter
455 1044 596 1105 iambicus
622 1046 823 1108 catalecticus:

314 1129 436 1190 solemus
459 1129 733 1192 Ρ1166666666666.

89 1229 120 1269 v.
153 1216 216 1276 502
238 1214 371 1274 eiusdem
395 1215 511 1292 generis
534 1216 659 1275 661666.
677 1217 748 1288 472,
773 1224 805 1276 61
823 1217 854 1276 16
871 1217 973 1277 eodem
989 1219 1092 1280 ordine
1107 1218 1180 1280 haec

90 1298 220 1360 cantici
241 1318 310 1378 pars
331 1299 508 1360 terminetur
530 1318 545 1359 6
569 1318 628 1378 quo
650 1300 766 1361 initium
789 1301 878 1378 cepit.
900 1336 941 1347 -

199 1385 319 1446 alterum
343 1401 461 1445 carmen
485 1384 590 1463 incipit
611 1403 627 1444 a
649 1385 774 1446 dimetro
797 1387 982 1464 anapaestico
1006 1407 1030 1446 v.
1047 1389 1125 1451 709:

315 1487 374 1530 666
397 1479 429 1529 16
451 1475 538 1530 toutis
560 1488 645 1530 cuusu
663 1470 778 1549 periclis

95 1551 161 1622 lut
186 1554 232 1631 lg.
254 1556 316 1616 610
345 1572 476 1631 uquam
503 1557 641 1614 miserum
669 1565 708 1615 est
733 1559 840 1616 uescire
861 1558 967 1633 mori),
996 1564 1025 1618 et
1047 1557 1182 1635 sequitur

96 1632 282 1712 glyconeus.
327 1655 454 1716 quorum
481 1657 619 1698 versuum
648 1640 825 1700 sententiam
847 1659 980 1702 mancam
1004 1660 1068 1702 esse
1091 1660 1181 1720 supra

98 1716 385 1784 demonstravimus.
430 1731 460 1782 et
487 1741 554 1783 cum
584 1724 615 1784 in
645 1725 745 1803 priore
771 1742 858 1785 versu
880 1726 958 1786 haud
981 1726 1045 1786 siue
1067 1726 1181 1787 ratione

99 1800 270 1867 offendisse
285 1807 427 1885 Pciperus
442 1807 584 1885 videatur,
605 1809 669 1868 lieri
688 1816 785 1888 potest
803 1816 836 1870 ut
850 1828 866 1869 a
881 1810 1033 1888 glyconeis
1049 1810 1180 1871 numeris

100 1899 232 1953 carmen
252 1891 412 1970 inceperit:

315 1995 374 2038 uou
396 1986 429 2037 tu
449 1995 536 2038 causa
554 1977 679 2057 periculi

316 2065 392 2123 tuuti
411 2079 456 2120 es:
478 2055 612 2143 [crimine
634 2063 666 2123 66
690 2057 780 2146 acono]

314 2163 373 2206 666
394 2144 459 2206 lmec
481 2143 654 2207 Labdacidos
671 2159 774 2226 petunt

314 2230 388 2306 suto,
410 2231 458 2290 sed
478 2240 583 2292 ueteres
605 2232 689 2292 deum
711 2252 736 2292 6.
756 2250 785 2309 q.
802 2251 825 2292 6.

111 2333 306 2408 quamquam,
336 2330 360 2391 si
383 2341 556 2409 anapaestos
578 2334 609 2393 in
632 2332 716 2393 initio
739 2335 883 2410 retineas,
913 2352 973 2394 non
1001 2332 1114 2395 diverso
1137 2334 1180 2394 uti

111 2414 226 2476 soteris
246 2415 410 2477 sententiae
432 2417 655 2496 supplemento:

316 2519 375 2561 uou
397 2511 428 2561 tu
451 2507 538 2564 tuutis
560 2522 645 2562 cuusu
663 2503 788 2582 periclis,

316 2604 374 2645 uou
395 2585 462 2646 6666
484 2581 617 2668 [crimino
638 2589 670 2648 66
691 2605 764 2648 uouo

315 2665 412 2753 tauto]
435 2668 608 2732 lobducidus
625 2683 728 2751 potuut

312 2756 512 2834 mmeus

115 2829 185 2888 ΜΨ
211 2838 245 2899 66
273 2857 468 2900 numerorum
493 2842 688 2919 congruentia
711 2843 847 2920 equidem
869 2843 900 2902 in
923 2841 969 2902 his
992 2842 1104 2904 deliciis
1127 2860 1183 2903 666

114 2912 247 2984 81106666
270 2925 427 3002 quicquam
451 2944 507 2986 uec
528 2934 620 2986 tento.
643 2961 684 2970 —
707 2946 733 2986 v.
758 2929 829 2990 726.
852 2929 890 2990 21

317 3028 402 3088 quum
424 3027 483 3070 666
503 3011 626 3088 limeret
647 3029 746 3072 vomer
766 3023 818 3074 uut
840 3014 918 3074 turdi

315 3098 384 3170 iupa
406 3113 494 3156 curuo
512 3095 641 3174 plaustri

110 3163 251 3237 ⁰⁰¹1sun:
273 3178 516 3256 hendecasyllabo
540 3180 680 3259 sapphico

317 3281 416 3324 vomer
435 3277 488 3326 661
509 3265 588 3326 turdi
608 3269 676 3343 iupu
698 3284 787 3327 uiroc
805 3266 933 3346 plaustri

107 3329 139 3413 ⁰?
164 3345 232 3406 celo
255 3346 341 3425 quale
363 3347 438 3408 redit
460 3353 513 3428 Ag.
529 3350 592 3412 622
611 3354 785 3423 (emtremum
799 3352 893 3425 decus)
904 3350 945 3424 ²⁸)
960 3357 989 3409 et
1003 3347 1034 3408 in
1050 3347 1182 3409 numeris

104 3400 312 3510 9166616.
337 3433 398 3493 crs

101 3578 121 3620 v
319 3535 404 3597 quum
425 3536 484 3578 666
507 3518 584 3580 Pelei
608 3517 781 3599 Thetidisque
803 3529 896 3579 uutus.

123 3615 131 3630 ·
158 3589 227 3661 722
249 3600 375 3661 61661666
398 3601 547 3662 inversus:

319 3686 442 3747 6666611
462 3688 549 3766 supas
570 3706 725 3767 nouamque
746 3692 825 3766 ptati

98 3761 318 3811 &-

96 3909 150 3965 ⁸52
202 3867 234 3931 ²⁶)
252 3867 363 3920 61Μ6ῐ.
382 3870 447 3922 viu.
469 3873 531 3931 116,
552 3873 583 3922 lo
605 3874 668 3920 ilem
691 3887 726 3921 66
745 3871 857 3921 molosso
876 3876 901 3920 et
918 3871 1005 3920 iambo
1024 3873 1072 3934 qui
1088 3869 1183 3920 molos-

150 3935 233 3986 ’16666
251 3937 367 3989 elicitur:
384 3941 517 3989 marcenti
531 3939 630 4003 gradu.
