2580 4366
326 765 511 831 THYESTlS
534 767 662 830 VMBRA

166 915 263 998 Opaca
286 916 426 997 linquens
448 919 521 982 Ditis
543 920 653 982 inlerni
676 920 739 983 loca

78 1005 181 1065 adsum
203 1002 353 1082 profundo
375 1004 488 1066 Tartari
511 1007 637 1069 emissus
659 1024 761 1086 specu,

32 1100 36 1117 ·
79 1089 212 1149 incertus
234 1098 314 1149 utras
337 1090 449 1151 oderim
473 1090 558 1152 sedes
579 1091 688 1170 magis:

78 1173 161 1252 lugio
183 1171 327 1252 Thyestes
349 1174 470 1251 inferos,
495 1194 620 1256 superos
643 1177 723 1256 lugo

79 1278 116 1319 en
140 1259 243 1318 horret
263 1258 380 1320 animus
403 1268 432 1320 et
453 1279 544 1340 pavor
565 1261 695 1322 membra
718 1263 843 1323 excutit:

78 1343 162 1403 video
185 1352 335 1422 paternos,
358 1344 448 1405 immo
470 1347 618 1407 fraternos
640 1346 725 1408 lares.

79 1428 137 1488 lroc
160 1435 204 1488 est
225 1437 372 1489 vetustum
395 1429 533 1510 Pelopiae
555 1430 644 1492 limen
668 1430 791 1505 domus;

80 1513 152 1573 hinc
173 1513 319 1592 auspicari
342 1513 457 1592 regium
481 1514 569 1595 capiti
593 1516 684 1576 decus
713 1570 717 1579 .

79 1616 145 1658 mos
168 1606 213 1658 est
233 1597 374 1676 Pelasgis,
397 1599 455 1659 hoc
477 1599 582 1661 sedent
604 1599 660 1670 alti,
677 1608 743 1660 toro

81 1681 190 1761 quibus
212 1682 340 1761 superba
362 1692 477 1763 sceptra
505 1693 656 1763 gestantur
677 1702 777 1758 manu,

81 1767 165 1828 locus
187 1767 236 1828 hic
258 1766 410 1829 habendae
432 1768 532 1830 curiae
554 1769 665 1830 -bic
688 1768 784 1850 epulis
806 1768 900 1830 locus.

80 1850 153 1913 libet
174 1853 290 1913 reverti.
336 1870 437 1914 nonne
459 1853 504 1914 uel
526 1853 624 1915 tristes
647 1853 728 1916 lacus

81 1936 212 1997 incolere
234 1937 336 2011 satius,
359 1956 460 1999 nonne
483 1939 634 2000 custodem
656 1939 754 2018 Stygis

81 2021 236 2100 trigemina
259 2021 353 2100 nigris
375 2023 449 2083 colla
471 2025 626 2084 iactantem
648 2021 750 2085 iubis‘l

81 2105 132 2167 ubi
156 2107 205 2167 ille
229 2107 316 2168 celeri
341 2125 452 2188 corpus
475 2109 608 2169 evinctus
630 2117 712 2170 rotae

81 2191 112 2252 in
136 2211 167 2252 se
190 2192 327 2264 refertur,
351 2191 401 2253 ubi
425 2211 480 2273 per
500 2193 653 2254 aduersum
676 2193 779 2256 irritus

81 2276 225 2338 redeunte
248 2276 357 2339 totiens
379 2277 491 2341 luditur
513 2296 582 2339 saro
604 2277 696 2352 labor,

82 2361 134 2421 ubi
157 2361 259 2422 tondet
281 2361 341 2439 ales
363 2363 443 2423 avida
466 2364 657 2424 secundum
649 2382 742 2438 secur,

83 2446 212 2506 etinter
234 2446 328 2507 undas
350 2447 459 2508 fervida
483 2457 603 2509 exustus
625 2447 674 2508 siti

83 2549 174 2608 aquas
196 2531 317 2609 fugaces
341 2551 392 2593 ore
415 2533 538 2613 decepto
560 2533 673 2613 appetit

82 2634 195 2695 poenas
219 2617 341 2677 daturus
364 2617 501 2678 caelitum
524 2618 649 2697 dapibus
672 2635 774 2695 graves
797 2651 838 2692 ε

84 2700 135 2761 sed
158 2699 207 2761 ille
230 2709 348 2761 nostrae
370 2720 439 2781 pars
462 2711 551 2780 quota
574 2711 618 2763 est
640 2703 746 2781 culpae
767 2699 880 2762 senex‘l

83 2795 257 2864 reputemus
280 2803 385 2846 omnes
407 2804 482 2865 quos
505 2786 542 2847 ob
565 2786 701 2847 infandas
723 2804 829 2848 manus

85 2870 235 2948 quaesitor
258 2889 333 2930 urna
357 2869 484 2932 Cnosius
506 2881 602 2931 versat
623 2889 701 2944 reos,

83 2955 199 3015 vincam
222 2954 365 3034 Thyestes
388 2955 552 3017 sceleribus
574 2963 700 3018 cunctos
721 2955 811 3016 meis:

85 3059 101 3099 a
124 3041 214 3100 fratre
236 3042 347 3115 vincar,
370 3040 472 3102 liberis
493 3041 601 3120 plenus
623 3040 718 3100 tribus

85 3125 186 3185 inme
210 3125 350 3204 sepultis3
374 3126 483 3187 viscera
507 3125 588 3186 exedi
612 3143 686 3186 mea.

86 3227 143 3270 nec
164 3210 307 3271 hactenus
328 3211 459 3271 Fortuna
482 3209 637 3271 macularit
657 3216 782 3288 patrem,

85 3293 137 3354 sed
160 3296 255 3355 maius
277 3295 355 3355 aliud
379 3313 448 3355 ausa
471 3296 628 3356 commisso
650 3294 748 3355 scelus

86 3389 172 3440 natae
194 3381 337 3441 uelandus
360 3389 463 3459 petere
485 3380 662 3440 concubitus
684 3377 776 3440 iubet.

87 3481 149 3525 non
172 3465 294 3544 pavidus
317 3465 402 3525 hausi
426 3463 512 3538 dicta,
535 3464 585 3525 sed
609 3465 673 3543 cepi
698 3464 790 3524 nelos.

88 3566 159 3626 ergo
182 3561 215 3610 ut
236 3568 291 3629 per
314 3567 417 3610 omnes
439 3548 550 3610 liberos
572 3549 645 3610 irern
669 3566 787 3627 parens,

86 3645 187 3738 coacte
210 3635 275 3695 l’atis
301 3644 366 3697 neta
389 3634 446 3695 lert
468 3642 585 3696 uterum
608 3651 735 3712 grauem,

87 3752 292 3762 m*

174 3801 260 3854 tialte
278 3801 303 3852 E
373 3804 404 3854 14
423 3800 606 3866 ῑεῐςειηὶηις.
629 3829 663 3839 -
687 3799 803 3851 nimisll
864 3801 893 3852 15
912 3799 1009 3852 rotald
1076 3802 1108 3853 23
1126 3816 1165 3854 re·

88 3874 205 3935 petamus
223 3874 243 3934 ς
312 3872 344 3922 24
362 3869 469 3936 gnosius
488 3870 563 3921 codd.
634 3870 667 3922 32
686 3867 810 3921 onrnisll

140 3961 234 4003 Senecae
248 3961 373 4014 immodice
386 3961 416 4003 ll.
724 3989 730 3999 ·
932 3955 962 4006 tt
