2580 4366
587 174 684 217 HEDEA

187 319 249 397 Tu,
271 321 328 383 tide
351 321 470 398 nutrix,
492 323 571 386 sonia
593 325 735 387 maeroris
756 328 814 389 mei

102 405 233 486 variique
255 424 357 489 casus,
380 408 487 469 misera
509 408 631 471 consilia
653 409 765 473 adiuva.

77 530 79 533 .
103 500 148 552 est
169 491 245 571 palla
267 491 369 568 nobis,
391 510 502 555 munus
524 493 703 572 aetherium,
727 496 832 558 domus

103 576 254 656 decusque
276 577 379 656 regni,
401 578 511 657 pignus
533 579 639 641 Aeetae
662 580 761 643 datum

104 679 120 722 a
143 660 211 722 Sole
233 662 368 741 generis,
392 671 436 724 est
459 674 489 725 et
510 682 583 725 auro
605 665 698 726 textili

103 746 214 808 monile
235 747 353 826 fulgens
376 747 516 827 quodque
538 767 722 826 gemmarum
744 751 824 813 nitor

104 830 259 911 distinguit
280 851 404 909 aurum,
428 852 487 912 quo
510 833 607 895 solent
630 833 709 915 cingi
732 853 842 898 comae.

103 917 176 977 haee
198 927 300 978 nostra
322 918 381 979 nati
404 918 481 980 dona
503 917 629 981 nubenti
652 920 757 997 ierant,

107 1002 157 1062 sed
179 1010 247 1063 ante
270 1002 340 1064 diris
363 1002 445 1074 inlita
467 1021 501 1065 ae
522 1002 614 1065 tincta
637 1003 759 1067 artibus,

106 1094 227 1148 vocetur
248 1087 367 1149 Hecate.
412 1106 494 1150 saera
516 1088 622 1160 letifica
644 1108 769 1170 appara:

105 1179 272 1234 statuantur
293 1185 377 1248 arae,
400 1173 515 1234 flamma
537 1173 595 1235 iam
617 1175 703 1237 tectis
725 1184 821 1237 sonet.

415 1289 564 1354 CHORVS

231 1375 318 1436 Nulla
338 1375 382 1436 vis
404 1376 537 1438 dammae
560 1376 700 1438 tumidive
721 1378 803 1440 venti

231 1471 327 1534 tanta,
351 1480 407 1522 nec
429 1460 479 1522 teli
501 1461 658 1523 metuenda
680 1463 760 1536 torti,

233 1556 341 1625 quanta
363 1564 432 1606 eum
455 1546 586 1607 coniunx
606 1546 723 1608 viduata
743 1547 837 1609 taedis

376 1629 474 1691 'ardet
496 1638 526 1692 et
548 1630 626 1706 odit3

233 1749 295 1793 non
318 1731 370 1792 uhi
391 1730 533 1792 hibernos
556 1730 719 1793 nebulosus
741 1732 852 1795 imbres

232 1818 341 1878 Auster
363 1816 477 1877 advexit
498 1825 699 1896 properatque
720 1825 838 1880 torrens

233 1901 332 1962 Hister
354 1909 383 1962 et
404 1901 523 1963 iunctos
545 1910 622 1963 vetat
644 1919 709 1963 esse
732 1911 838 1983 pontes

394 2004 428 2048 ae
449 2003 540 2065 vagus
566 1994 660 2061 errat;

234 2107 295 2148 non
318 2086 369 2148 ubi
392 2087 519 2167 impellit
539 2087 702 2150 Rhodanus
725 2088 918 2167 profundum,

234 2186 285 2234 aut
306 2172 356 2233 ubi
379 2173 411 2233 in
434 2172 512 2234 rivus
535 2172 652 2234 nivibus
677 2173 782 2236 solutis

234 2257 296 2318 sule
318 2257 375 2317 iam
396 2257 466 2318 forti
489 2258 648 2337 medioque
669 2277 738 2321 vere

395 2342 489 2427 tabuit
511 2342 648 2404 Haemus.

235 2461 341 2504 caecus
364 2453 409 2504 est
430 2444 508 2522 ignis
530 2443 697 2507 stimulatus
720 2445 762 2506 ira

235 2547 291 2589 nee
306 2529 375 2606 regi
398 2535 482 2590 curat
503 2530 649 2608 patiturve
670 2531 772 2591 frenos

235 2623 286 2674 aut
307 2612 391 2674 timet
412 2622 552 2674 mortem:
576 2614 660 2695 eupit
682 2616 725 2676 ire
747 2615 779 2676 in
802 2614 883 2694 ipsos

396 2698 500 2760 obvius
522 2717 619 2760 enses.

236 2799 365 2878 partite,
389 2816 406 2858 ο
430 2799 503 2872 divi,
526 2799 641 2860 veniam
664 2818 831 2879 precamur,

235 2884 310 2944 vivat
332 2892 365 2944 ut
385 2890 468 2945 tutus
490 2900 570 2945 mare
592 2884 642 2963 qui
668 2883 795 2964 subegit.

236 2970 287 3030 sed
308 2967 381 3029 iurit
400 2967 479 3029 vinei
501 2968 639 3030 dominus
661 2970 803 3049 profundi

398 3070 490 3131 regna
516 3053 655 3115 secunda.

236 3172 326 3215 ausus
348 3160 485 3232 aeternos
507 3155 618 3234 agitare
641 3172 747 3216 currus

236 3237 391 3299 immemor
413 3248 508 3301 metae
530 3239 645 3301 iuvenis
668 3249 829 3320 paternae<

236 3340 312 3402 quos
334 3322 403 3403 pelo
426 3323 535 3403 sparsit
555 3323 686 3400 furiosus
707 3325 792 3403 ignes

398 3407 463 3488 ipse
482 3409 604 3489 recepit.

196 3560 246 3611 570
264 3557 397 3609 aethereae
415 3557 439 3607 A
491 3560 539 3610 577
560 3557 650 3610 aeteE
668 3562 726 3610 oete
735 3557 842 3623 (Aeetae
852 3556 997 3621 Alcimum
1048 3559 1099 3611 572
1117 3568 1188 3677 Jem-

107 3625 187 3690 misg
238 3628 286 3678 577
305 3623 451 3676 lnctideaA
503 3628 553 3680 578
572 3628 734 3677 struanturA
786 3627 922 3678 579-594
941 3629 1206 3692 εωιανιιίηοοοςίν

111 3693 170 3745 aod.
186 3691 312 3745 Thrausi.
332 3708 355 3744 a.
372 3709 393 3746 s.
413 3693 449 3744 ad
470 3691 531 3746 Tro.
550 3694 585 3746 64
653 3696 703 3746 579
721 3693 812 3745 tumidi
829 3693 916 3758 tuenti
937 3692 983 3746 Tu.
1004 3692 1144 3762 tumidique
1162 3695 1187 3746 A

107 3763 162 3814 580
180 3760 555 3813 tantanectalimanendataie
567 3760 614 3814 m.
666 3764 716 3815 584
735 3760 908 3814 austeraduxit
920 3760 967 3814 Tr.
1019 3764 1068 3816 585
1079 3767 1186 3815 cunctos

114 3827 162 3882 ΤΙι.
214 3833 263 3883 587
282 3829 326 3882 ubi
344 3829 416 3896 pellit
435 3829 458 3880 Ε
475 3829 519 3880 nbi
538 3828 612 3898 pullit
633 3828 679 3882 Tu.
698 3830 744 3893 (ef.
761 3846 785 3884 υ.
799 3830 859 3896 727)
912 3833 961 3884 589
979 3830 1045 3882 tane
1062 3846 1097 3882 ex
1114 3829 1187 3883 tortis

109 3896 261 3964 (lmtfflt.
297 3900 346 3951 590
360 3897 441 3950 tabuit
453 3899 554 3951 themut
563 3896 609 3951 Yt.
655 3900 703 3952 593
722 3897 825 3950 haudA
859 3901 908 3952 599
918 3905 1021 3951 aeterno
1031 3897 1188 3968 sagittareid
