2580 4366
153 198 216 265 286
538 217 566 258 ι.
589 216 693 258 aunum
715 214 841 258 snuucuu

153 387 211 431 nur.
262 365 390 427 Haerere
412 374 542 427 curantes
565 374 633 446 post
654 383 742 443 vagos
764 365 849 444 ignes
871 365 985 428 solent.

153 472 216 515 uvr.
261 451 450 512 famulumne
473 459 502 511 et
523 451 617 512 hostis
639 451 785 530 praeferet
808 458 905 511 natam
928 449 1017 513 tibi?

153 556 211 598 uxr.
262 535 298 596 Vt
319 536 392 596 laeta
414 535 500 595 silvas
524 537 616 596 forma
639 544 794 597 vernantes
816 534 912 609 habet,

154 640 221 683 curn
246 638 366 681 nemora
389 619 468 680 nuda
491 620 605 698 primus
627 621 745 681 investit
765 626 861 699 tepor,

153 714 182 767 at
204 723 271 766 cum
294 706 407 766 solutos
431 705 541 784 expulit
564 706 673 766 Boreas
695 705 787 766 Notos

154 798 184 851 et
205 808 287 851 saeva
310 798 385 850 totas
408 789 511 850 bruma
535 790 673 850 discussit
696 807 804 861 comas,

154 875 285 935 deforme
308 874 379 935 solis
402 874 509 952 aspicis
532 875 647 936 truncis
670 892 791 935 nemus:

153 959 196 1020 sic
219 967 318 1021 nostra
341 958 462 1038 longum
487 959 578 1020 forma
603 977 782 1038 percurrens
804 959 860 1018 iter

154 1044 289 1123 deperdit
310 1043 420 1122 aliquid
443 1062 560 1123 semper
583 1054 613 1105 et
634 1043 727 1122 fulget
749 1043 857 1104 miuus.

153 1130 227 1189 haec
248 1128 297 1189 illa
321 1128 419 1188 Venus
442 1136 486 1189 est
507 1163 549 1173 —
572 1128 715 1207 quidquid
739 1128 769 1189 in
793 1126 879 1188 nohis
901 1127 961 1188 fuit

154 1213 224 1274 olim
247 1213 372 1292 petitum
394 1212 509 1286 cecidit,
533 1221 562 1273 et
585 1212 695 1292 pariter
716 1212 800 1273 labor

154 1305 306 1376 materque
329 1297 454 1358 multum
479 1298 576 1375 rapuit
599 1317 634 1358 ex
657 1297 705 1357 illo
730 1297 809 1358 milri.

154 1382 233 1443 vides
257 1393 288 1442 ut
310 1381 400 1442 altum
425 1381 530 1442 famula
553 1400 614 1442 ucu
637 1383 741 1461 perdat
762 1379 874 1442 decus?

154 1485 270 1528 cessere
293 1466 390 1527 cultus
412 1466 532 1545 penitus
554 1475 583 1527 et
604 1467 715 1546 paedor
737 1467 832 1539 sedet3

154 1560 250 1612 taumu
274 1570 328 1631 per
351 1551 428 1629 ipsas
452 1551 544 1629 fulget
566 1570 721 1612 aerumnas
744 1552 833 1612 decor

154 1636 287 1714 nihilque
310 1636 345 1697 ab
368 1635 415 1695 illa
438 1655 523 1696 casus
547 1644 576 1696 et
597 1637 688 1696 fatum
712 1653 799 1712 grave

154 1721 211 1782 uisi
234 1739 325 1798 regua
347 1721 443 1781 traxit.
487 1720 536 1780 hic
557 1740 655 1781 meum
679 1730 784 1799 pectus
805 1719 903 1790 timor,

154 1805 248 1879 altrix,
273 1805 397 1877 lacessit,
421 1805 469 1864 uic
491 1805 569 1884 rapit
591 1824 711 1865 somnos
734 1823 833 1884 pavor.

153 1890 302 1968 praeclara
324 1890 394 1951 totis
418 1889 556 1968 gentibus
579 1890 710 1951 coniunx
733 1907 811 1950 eram

154 1974 355 2053 thalamosque
379 1983 497 2034 nostros
519 1974 617 2035 invido
641 1983 708 2034 voto
733 1992 826 2034 nurus

154 2059 273 2138 optabat
294 2059 401 2132 omnis,
425 2077 535 2137 quaeve
558 2077 643 2119 ruens
667 2059 826 2138 quicquam
848 2057 918 2118 deos

154 2143 256 2204 orabat
279 2143 370 2203 ullos:
395 2143 521 2204 nuribus
544 2143 688 2222 Argolicis
711 2145 755 2205 fui

154 2247 292 2289 mensura
315 2229 382 2289 voti.
427 2246 514 2306 quern
539 2228 598 2288 lovi
621 2246 759 2289 socerum
782 2245 892 2307 parem,

154 2312 248 2382 altrix,
272 2309 408 2374 habebo?
436 2314 501 2391 quis
524 2311 658 2373 subhac
681 2313 791 2374 mundo
814 2310 886 2372 milui

154 2396 270 2456 dabitur
292 2394 437 2456 maritus?
468 2398 532 2476 ipse
554 2398 606 2476 qui
630 2398 747 2459 Alcidae
769 2398 893 2477 imperat

154 2480 267 2542 facibus
289 2482 351 2541 suis
375 2499 420 2541 me
443 2482 545 2560 iungat
568 2482 751 2562 Eurystheus
774 2482 852 2555 licet,

154 2566 252 2626 minus
275 2573 327 2627 est.
372 2567 445 2626 toris
468 2566 598 2627 caruisse
621 2567 773 2644 regnantis
796 2567 858 2627 leve
881 2572 939 2626 est:

153 2650 210 2710 alte
232 2650 281 2710 illa
305 2650 411 2710 cecidit
433 2668 509 2728 quae
531 2650 592 2711 viro
617 2659 697 2712 caret
719 2650 855 2713 Hercule.

152 2753 216 2794 uvr.
262 2734 405 2796 Conciliat
424 2737 539 2797 animos
563 2736 724 2816 coniugum
745 2744 847 2815 partus
869 2735 941 2794 fere.

152 2838 209 2879 uui.
260 2820 310 2881 Sic
332 2821 395 2897 ipse
416 2821 515 2881 forsan
540 2821 648 2882 dividet
670 2829 772 2900 partus
795 2829 885 2880 torus.

151 2922 215 2964 uvr.
259 2905 379 2966 famula
402 2905 450 2965 illa
473 2906 598 2967 trahitur
622 2906 738 2966 iuterim
762 2907 873 2967 donum
896 2904 958 2966 tibi.

152 3059 223 3105 33733
242 3054 318 3105 311373
337 3054 421 3105 senior
439 3055 531 3120 eripuit
549 3055 637 3121 gradu.
1191 3063 1228 3110 377

238 3191 286 3242 378
304 3189 443 3254 praefixo,
469 3192 518 3241 379
537 3193 634 3240 omisca
660 3195 698 3240 337
723 3193 838 3240 nutricia
861 3194 925 3239 33373
943 3187 968 3238 Ε
1039 3189 1227 3242 3791333133

151 3270 198 3308 uec
216 3255 241 3308 lt.
260 3256 292 3307 Ε.
311 3285 342 3294 -
362 3256 471 3323 galatam
489 3256 514 3306 Ε
566 3259 615 3310 380
633 3274 671 3323 sq.
689 3256 725 3317 31.
744 3257 766 3322 Ι,
785 3257 836 3309 194
888 3255 1053 3308 3871373173
1073 3258 1155 3309 codd.
1175 3271 1227 3308 333·
1269 3295 1270 3320 2

151 3326 225 3375 333317
241 3324 396 3389 Madvigius
414 3324 473 3375 cdv.
492 3325 521 3375 11
540 3342 568 3392 p.
588 3325 647 3378 126.
670 3353 704 3362 -
726 3340 796 3379 veru.
815 3324 859 3376 alit
877 3326 902 3374 A
971 3325 1019 3378 387
1041 3338 1109 3444 guas
1128 3336 1228 3379 nemore

151 3391 220 3443 nudo
239 3391 314 3443 codd.
334 3395 444 3443 33333333·
495 3393 690 3457 3823373117ς
743 3395 792 3446 383
811 3391 924 3444 decussit
941 3392 966 3440 A
1024 3388 1227 3462 ataspteitff
1269 3435 1270 3449 2

151 3462 199 3513 387
221 3474 268 3512 uec
285 3459 328 3511 1113
345 3459 371 3511 Ε
389 3465 510 3511 33333377
526 3462 558 3512 A.
569 3459 746 3526 Kiecslingiur
763 3461 887 3528 malisque
905 3459 988 3512 miuus
1006 3464 1046 3511 est
1063 3460 1092 3510 A
1138 3460 1226 3515 38837

150 3533 225 3596 partu
242 3526 345 3579 labatA
363 3530 389 3579 37
406 3528 499 3595 pariter
515 3528 741 3581 131337133333333Ι
793 3532 843 3582 3971
856 3528 1071 3592 dittogropdiam
1085 3523 1225 3581 3313388.

150 3596 201 3650 389
212 3595 510 3648 33133771137333133333
563 3598 612 3649 392
630 3597 717 3649 vultus
735 3597 811 3649 codd.
830 3594 1135 3649 cenomannensem
1180 3595 1225 3649 331

151 3663 210 3715 hinc
228 3663 253 3714 A
322 3666 372 3717 396
391 3664 450 3716 hinc
468 3664 493 3715 A
562 3664 797 3717 398133.1373Α
866 3666 916 3717 399
934 3662 1041 3715 obtabat
1060 3663 1092 3716 Ε.
1111 3694 1146 3705 -
1164 3675 1225 3732 quae

149 3730 224 3782 nimis
242 3731 360 3797 quisquis
377 3731 440 3784 deca
459 3733 483 3784 A
550 3735 601 3784 too
619 3732 668 3784 luit
684 3732 710 3783 Ε
778 3736 826 3786 491
846 3747 881 3784 m.
897 3747 923 3782 3.
941 3731 1004 3784 luno
1023 3747 1102 3800 quem
1121 3749 1142 3786 3.
1162 3749 1187 3801 p.
1203 3726 1226 3781 B

151 3800 200 3850 ma
219 3799 263 3864 qui
280 3798 305 3849 Ε
391 3803 440 3853 405
461 3805 531 3852 toros
548 3800 671 3852 meruisse
688 3800 721 3851 A.
740 3829 772 3838 -
790 3803 913 3881 regnante
930 3798 956 3849 Ε
1038 3803 1090 3856 4176
1109 3800 1225 3855 31731333

149 3880 202 3917 cec.
221 3865 246 3915 Ε
315 3869 450 3922 lor—aaa
470 3884 520 3920 om.
529 3866 562 3932 Ε,
580 3870 609 3919 in
626 3883 680 3934 mg.
700 3866 786 3920 deficit
803 3868 844 3920 luc
862 3867 970 3919 multum
989 3875 1121 3922 accurata
1138 3869 1224 3935 script

149 3947 232 3983 manu
249 3933 382 3986 3333333133
398 3937 482 3987 simili
