2580 4366
420 190 457 231 nn
479 188 673 232 nnceusnunls
694 186 872 231 TRAGOEDMS.

236 343 297 404 463
319 359 395 402 nuuc
410 340 483 402 ulter
496 339 587 401 oberit
602 357 668 418 erpo
684 342 743 399 inm
757 357 915 418 numquam
931 339 1000 399 duce
1013 337 1067 398 ΑΕ

515 424 519 431 ’
600 442 665 502 erpo
679 442 837 503 numquam
852 424 922 485 duos
936 422 1003 484 Mel.
1021 422 1053 483 N
1058 422 1094 483 M

107 509 159 587 qui
168 515 271 568 versus
283 509 443 588 praecipue
455 507 583 569 nativum
595 508 692 587 arguit
703 526 893 569 consensum.
909 507 1001 586 magis
1014 508 1136 570 etiamr.
1146 511 1186 573 62

155 612 254 672 repam
269 593 447 665 abnuentem,
462 594 586 672 dim'pcm
601 596 725 654 invitum
739 591 901 672 pradumd

600 681 686 739 motta·
698 679 820 756 mudum
834 677 861 737 Ε

601 766 725 823 inuitum
735 773 850 842 patrem
869 762 936 823 Mel.

600 851 724 909 inuitum
735 858 849 927 putrem
862 847 908 907 oet
920 847 1043 925 padum
1060 845 1133 908 MN

108 948 194 1008 quam
210 930 385 1011 scripturam
401 931 444 991 sie
459 937 556 991 natam
572 948 636 992 esse
657 937 746 1009 patet,
770 942 802 991 ut
817 931 853 1006 in
868 934 897 992 Σ
908 934 1032 1010 pradum
1051 931 1185 1012 adscrip-

107 1025 170 1077 tum
188 1024 266 1077 esset
279 1015 314 1076 ad
329 1014 365 1099 id
375 1015 454 1092 quod
469 1015 501 1076 in
516 1014 674 1076 verborum
689 1024 828 1077 contextu
844 1015 959 1077 extabat
972 1027 1096 1096 putrem.

192 1100 228 1161 ad
243 1101 375 1162 Medeam
389 1098 571 1161 accedamus.
601 1100 633 1160 in
649 1118 706 1178 qua
722 1100 901 1163 dissentiunt
915 1119 932 1161 a
946 1100 1083 1162 Melisseo
1099 1119 1126 1165 v.
1142 1101 1183 1163 92

106 1189 155 1246 oin
175 1185 255 1264 lcupe
274 1196 388 1265 superet
408 1187 486 1246 uiros
508 1188 547 1262 (o.
570 1185 589 1245 l.
611 1197 644 1246 ut
662 1197 779 1266 superat
800 1205 828 1245 o.
850 1185 939 1262 Mel).
977 1187 1039 1249 669
1061 1190 1139 1247 iusso
1155 1183 1187 1246 N

107 1273 183 1347 (uiuo
198 1270 265 1331 Mel.
288 1270 339 1330 sed
360 1270 435 1342 diuo,
457 1268 678 1351 quodeipsius
700 1269 875 1342 coniecerat,
898 1269 934 1330 M
951 1270 1039 1330 babet
1058 1270 1079 1330 i.
1100 1272 1183 1347 ras).

106 1354 215 1434 quibus
224 1354 292 1414 uitia
304 1356 446 1432 quaedam
458 1356 626 1415 eommunia
641 1357 817 1434 opposuisse
833 1357 903 1416 satis
917 1357 987 1416 erit:
1003 1373 1030 1414 v.
1044 1358 1085 1418 30
1101 1359 1185 1417 acroi

106 1439 173 1501 Mel.
189 1437 225 1498 M
241 1443 266 1500 l.
279 1458 317 1502 m.
335 1438 365 1498 N
379 1437 481 1519 (puri)
496 1440 544 1514 Η).
578 1439 637 1502 198
652 1457 712 1500 uon
725 1439 792 1500 Mel.
810 1437 851 1499 M.
881 1441 944 1503 204
959 1450 1044 1520 eaput
1058 1438 1182 1519 (putet).

107 1527 169 1586 214
192 1535 303 1586 emerent
323 1522 391 1584 Mel.
415 1521 450 1582 M
462 1527 482 1582 i.
498 1541 556 1583 ros.
602 1524 664 1586 236
684 1525 808 1601 [luminu
829 1524 987 1603 (llupt'tiu).
1032 1525 1095 1586 345
1113 1542 1184 1603 per-

105 1619 181 1688 perat
203 1606 392 1687 (spumaret).
426 1608 487 1670 393
511 1608 607 1668 induit
625 1607 712 1669 scelus
729 1608 951 1688 (maritumae).
985 1608 1049 1670 eius
1065 1609 1184 1686 generis

107 1693 301 1772 corruptelis,
327 1710 400 1770 quas
421 1709 508 1753 nemo
529 1689 669 1770 umquam
692 1701 842 1753 corrector
863 1695 893 1754 in
918 1693 1050 1754 codicem
1072 1692 1182 1768 intulit,

107 1778 273 1839 communis
285 1777 370 1854 origo
382 1785 462 1838 extra
474 1775 686 1837 dubitationem
697 1778 828 1857 ponitur.
848 1779 884 1838 cl.
894 1786 1044 1858 praeterea
1055 1777 1132 1838 Med.
1142 1780 1182 1841 55

106 1882 178 1944 pune
191 1863 291 1925 scebro
301 1872 389 1942 porto
404 1873 444 1923 est
457 1862 557 1923 scelere
572 1862 725 1942 b'uqueudc
738 1873 779 1925 eet
799 1863 940 1925 demusB
969 1863 1118 1942 linquatur
1134 1863 1183 1924 do·

105 1966 170 2009 mus
198 1947 257 2007 AN
291 1957 449 2027 rumpatur
468 1947 538 2026 fides
554 1946 621 2008 Mel.
642 1958 798 2027 rumpatur
819 1949 919 2009 domus
934 1947 968 2008 M
987 1951 1071 2028 (quoe
1083 1947 1184 2008 scelere

102 2042 188 2111 pocta
202 2042 243 2093 est
259 2031 327 2093 Mel.
345 2032 377 2091 M
395 2036 421 2092 l.
437 2034 507 2104 m.):
531 2031 747 2092 correctionem
769 2032 881 2111 recepit
899 2040 990 2093 totam
1012 2031 1046 2105 N,
1068 2039 1183 2111 partem

107 2125 220 2178 tantum
238 2114 279 2176 M.
315 2115 520 2194 discrepantiis
532 2115 622 2192 igitur
637 2133 710 2194 quas
725 2116 875 2177 attulimus
891 2118 920 2177 id
935 2134 1029 2177 unum
1046 2117 1182 2192 efficitur,

108 2220 170 2263 non
187 2220 222 2262 ex
236 2199 372 2262 Melissea
388 2200 453 2279 ipso
468 2199 521 2260 bas
536 2201 700 2278 tragoedias
714 2201 854 2280 pendere,
876 2202 927 2264 sed
943 2221 979 2262 ex
993 2201 1095 2262 codiee
1119 2202 1184 2262 eius

106 2286 231 2366 gemello
246 2285 298 2364 qui
313 2295 364 2346 aut
379 2284 556 2345 correctoris
571 2303 691 2346 manum
713 2285 810 2365 aliqua
832 2305 867 2347 ex
888 2295 971 2366 parte
991 2305 1098 2366 passus
1121 2301 1184 2348 erat

106 2381 157 2432 aut
179 2370 330 2449 archetypi
352 2377 537 2430 correcturas
557 2387 618 2430 non
641 2388 745 2431 omnes
766 2371 978 2451 adsumpserat.
1012 2369 1184 2432 Melisseum

105 2474 175 2517 vero
202 2473 269 2517 eum
294 2462 411 2534 praeter
436 2454 599 2533 scripturas
625 2472 692 2515 eum
716 2455 842 2516 Etrusco
869 2472 1042 2516 communes
1067 2456 1185 2535 proprii

107 2541 182 2604 nibil
196 2540 304 2602 babere
318 2539 425 2600 videris
440 2537 498 2599 nisi
512 2539 615 2599 vitiosa
634 2546 663 2600 et
681 2539 868 2620 interpolata,
892 2547 1022 2601 ceterum
1044 2540 1183 2619 pessimis

106 2645 169 2688 non
194 2625 347 2687 meliorem
369 2642 449 2699 esse,
476 2630 556 2684 certe
577 2632 606 2684 et
631 2624 772 2703 gaudebis
794 2624 934 2700 testibus,
961 2623 1071 2703 quibus
1096 2625 1183 2686 istius

106 2711 173 2772 libri
195 2712 267 2772 fides
281 2708 427 2770 aestimari
448 2709 544 2787 possit
565 2720 594 2769 et
616 2727 731 2770 mecum
753 2710 864 2771 nullam
887 2710 918 2770 in
941 2717 1095 2789 posterum
1118 2711 1182 2771 eius

106 2797 287 2857 mentionem
302 2794 464 2854 taciendam
481 2811 545 2854 esse
557 2792 692 2854 censebis
704 2797 752 2868 ¹²).
780 2803 862 2855 ortus
878 2795 957 2855 enim
973 2793 1183 2856 estMelisseus

106 2900 142 2942 ex
160 2881 235 2941 libro
257 2879 450 2959 interpolatae
473 2885 585 2953 sectae,
608 2896 696 2957 quem
718 2879 819 2940 nescio
842 2879 910 2958 quis
933 2899 968 2940 ex
982 2879 1111 2940 Etrusco
1134 2889 1183 2942 aut

106 2965 170 3026 eius
182 2972 307 3044 cognato
318 2964 359 3025 ita
369 2962 479 3042 passim
492 2963 628 3038 correxit,
644 2970 677 3023 ut
692 2981 767 3041 quae
783 2962 964 3039 adscriberet
977 2963 1014 3024 ad
1028 2962 1183 3026 libidinem

106 3051 313 3112 conformaret.
351 3048 430 3109 illius
449 3046 517 3108 libri
539 3048 597 3108 duo
620 3048 722 3108 saltem
748 3050 917 3128 apographa
942 3049 999 3108 iam
1026 3048 1181 3110 novimus:

104 3135 273 3197 Melisseum
286 3134 419 3206 alterum,
432 3133 557 3193 alterum
570 3132 704 3193 codicum
717 3131 750 3192 M
761 3139 790 3193 et
799 3133 829 3192 N
837 3134 867 3193 in
880 3131 1052 3193 Phoenissis
1060 3132 1182 3195 Medeae

104 3240 131 3280 v.
157 3223 281 3284 1-700
305 3229 334 3280 et
356 3217 473 3279 Octavia
496 3218 699 3297 archetypum.
733 3234 801 3278 nam
823 3217 860 3277 ad
886 3217 1032 3279 Octaviam
1061 3235 1183 3298 quoque

192 3371 224 3432 ¹¹)
242 3385 267 3422 v.
280 3371 324 3421 171
346 3373 371 3419 to
387 3371 473 3434 iprum
490 3366 550 3416 aide
568 3364 647 3430 (Mel.)
665 3365 734 3432 quod
752 3380 801 3418 non
821 3370 892 3418 extet
905 3366 931 3419 in
946 3367 978 3418 M
981 3363 1017 3431 Ν,
1033 3366 1061 3417 in
1070 3365 1183 3430 Melissei

104 3436 245 3503 archetypo
263 3436 295 3487 ad
313 3437 406 3487 Medea
423 3436 458 3499 (v.
477 3434 535 3496 ltl)
550 3435 605 3486 sive
624 3433 656 3484 ad
674 3437 718 3484 cut
734 3438 784 3484 eim
802 3435 875 3486 videa
892 3435 917 3485 in
936 3434 1026 3486 eodem
1042 3450 1120 3486 versu
1137 3434 1181 3486 ad·

104 3505 226 3571 seriptum
244 3507 298 3555 erat
316 3517 329 3554 a
347 3505 441 3556 lectore
459 3501 577 3570 quodam.
599 3517 624 3554 v.
635 3503 684 3555 388
704 3503 794 3553 oeulos
811 3505 888 3553 uberi
904 3504 970 3564 fletu
987 3504 1064 3566 rigat
1080 3502 1105 3552 lt
1121 3501 1180 3555 Mel.

106 3590 121 3624 o
139 3575 231 3636 rupeas·
248 3571 338 3621 oculor
356 3571 376 3632 f.
393 3587 416 3622 r.
427 3571 460 3638 A,
479 3585 494 3620 o
512 3573 605 3636 superi
621 3585 671 3622 om.
681 3568 749 3622 ΝΜ.
775 3571 883 3622 fortasse
901 3572 979 3620 uberi
994 3570 1020 3621 in
1038 3568 1180 3638 archetypo

105 3655 204 3693 erasum
228 3643 283 3690 eret
306 3642 332 3689 et
354 3639 487 3705 vulgatum
509 3638 535 3690 in
559 3638 673 3704 margine
695 3636 857 3704 adscriptum.
899 3637 968 3702 quod
992 3635 1085 3688 accidit
1112 3643 1181 3690 certe

104 3709 199 3760 Phoen.
218 3709 268 3760 393
279 3707 341 3756 binc
359 3712 438 3771 atqua
456 3708 519 3757 binc
536 3711 594 3757 rutt
609 3706 634 3757 Ε
651 3705 709 3758 Mel.
726 3707 788 3757 binc
805 3711 884 3770 atque
896 3705 974 3755 illiue
985 3708 1043 3756 ruit
1054 3701 1086 3756 M
1092 3705 1180 3767 (illiue

104 3792 136 3829 ex
153 3773 330 3840 interpolatis).
358 3788 456 3825 erasum
475 3778 529 3826 erat
546 3774 652 3826 alterum
672 3775 742 3825 bino.
769 3774 856 3841 itaque
873 3771 916 3825 N:
935 3773 998 3822 letne
1016 3777 1096 3837 atque
1114 3777 1179 3824 ruit.

192 3843 224 3907 ¹2)
241 3842 290 3892 iam
309 3840 423 3892 conteras
442 3854 537 3906 quaeso
554 3839 965 3906 Pboen.193-198qnalesenm
980 3840 1045 3891 libro
1057 3855 1104 3892 suo
1117 3855 1178 3892 con·

104 3913 171 3965 letos
189 3909 349 3977 transcripsit
365 3908 472 3975 Lipsius.
