2580 4366
557 200 716 245 namneus.

624 353 643 414 5

304 558 355 600 aec
374 548 510 617 properat
532 541 598 610 ari‚·
620 556 738 619 cumque
759 542 818 598 iam
838 538 915 616 sorti
935 538 1035 601 datam

306 624 359 684 ieta
381 626 451 683 satis
469 627 609 702 pensavit,
632 623 773 702 ipriseras
795 621 887 684 trabes

305 708 371 770 biae
392 708 458 769 iada
479 711 582 782 tramit,
605 712 697 769 m‘mia
719 726 789 788 qaas
809 707 932 786 flamma
953 720 1071 789 compat

201 799 282 861 1750
305 804 431 873 tataspm
452 797 484 854 ia
506 797 585 872 ipaes
607 797 694 854 vertit
715 802 741 853 et
762 811 819 873 peta
838 791 987 873 plurimas

306 878 434 939 emordet
455 881 540 956 tyois,
562 881 662 957 recipit
685 879 844 957 mtrepidm
866 878 965 956 seraa.

305 975 374 1025 tanc
395 980 448 1023 ora
468 963 598 1039 fiammis
619 962 735 1043 implet3
763 973 808 1023 ost
829 961 876 1023 tter·
896 980 998 1041 praees

306 1047 406 1109 lamere
428 1047 531 1108 barbae
552 1067 670 1128 campae
692 1051 751 1109 iam
773 1046 888 1109 auitam
908 1052 1014 1109 minam

305 1143 449 1213 appeteret
470 1136 553 1211 ipar’s,
576 1131 731 1194 lamberent
751 1133 888 1211 flammae
909 1143 1005 1214 caput,

99 1218 111 1237 '
202 1222 283 1282 1755
305 1237 365 1279 aaa
382 1221 486 1297 pressit
508 1218 610 1280 ambos.
650 1218 699 1279 sed
719 1218 788 1298 pac'd
806 1216 879 1278 baar
900 1229 1038 1279 maestam
1059 1222 1153 1280 cirtam

307 1307 374 1365 sime
396 1300 560 1382 pmaetem?
587 1301 724 1383 reliquias
744 1306 845 1382 mapai
864 1301 1000 1365 Herculis

307 1392 469 1468 crinemque
490 1391 598 1449 iactam
619 1386 782 1468 squalidam
803 1386 933 1449 Alemem
953 1391 1050 1468 pacit.

103 1475 204 1536 locum
219 1472 393 1552 transcripsi
409 1481 442 1533 ut
457 1473 519 1533 iere
534 1473 565 1533 in
582 1471 762 1534 editionibus
777 1472 994 1534 circumfertur.
1001 1474 1024 1553 ¹)
1056 1492 1082 1534 v.
1099 1473 1172 1537 1747

104 1578 221 1640 campita
243 1570 315 1620 tam
336 1554 411 1638 forti
432 1558 530 1619 datam
551 1557 586 1616 N.
610 1556 749 1618 Heinsius
772 1558 914 1619 coniecit:
941 1557 1019 1620 idem
1042 1558 1074 1620 in
1097 1556 1131 1619 bi
1149 1564 1174 1619 et
1244 1538 1283 1598 ³

104 1645 134 1706 N
156 1644 273 1722 legitur.
312 1653 341 1704 at
363 1643 455 1704 nihilo
478 1642 577 1704 minus
593 1633 747 1705 Hein'sium
763 1649 793 1702 et
807 1642 943 1705 librarios
956 1661 1053 1724 aeque
1068 1660 1175 1706 errasse

104 1729 295 1791 iudicandum
326 1737 386 1804 est,
414 1745 481 1788 cum
508 1729 540 1789 in
562 1727 619 1788 loci
642 1727 818 1789 sententiam
841 1728 897 1790 isto
919 1732 980 1790 iam
1002 1728 1098 1791 careri
1119 1746 1176 1790 non

104 1815 208 1896 possit.
236 1812 354 1874 felicius
370 1812 464 1873 simile
480 1812 617 1892 quiddam
634 1812 740 1874 accidit
755 1831 781 1873 v.
795 1814 887 1889 1749,
902 1813 954 1875 ubi
969 1813 1051 1894 quod
1062 1812 1176 1895 Lipsius
1266 1818 1287 1847 ³

105 1897 234 1961 coniecit
255 1901 304 1959 mi
309 1902 348 1958 ai
352 1917 405 1959 ma
420 1915 490 1979 petas
504 1899 624 1976 flamma
639 1909 755 1979 occupat
770 1908 800 1959 et
813 1898 872 1959 loci
887 1898 1034 1960 sententia
1048 1897 1177 1979 postule·

105 1994 154 2045 tur
169 1991 198 2045 et
212 1984 243 2044 in
259 1982 294 2042 M
307 1982 425 2061 iegitur.
457 1982 599 2045 contrabi
612 1989 640 2044 et
654 1983 712 2043 hoc
727 1992 757 2044 et
771 1983 908 2062 sequenti
918 2000 1007 2045 versu
1022 1983 1055 2046 in
1071 1980 1176 2047 relativi

105 2068 292 2150 pronominis
315 2068 417 2128 formis
440 2069 555 2143 erravit
578 2075 611 2128 ut
629 2068 715 2129 cuius
739 2067 1018 2131 librariusv.1749
1041 2073 1105 2151 pais
1126 2086 1176 2150 pro

104 2172 175 2234 paas
197 2153 359 2231 scripserit,
382 2172 408 2213 v.
431 2155 512 2216 1750
535 2171 604 2213 vero
626 2172 696 2233 qaas
714 2152 779 2214 loco
802 2153 912 2214 formae
936 2153 1067 2234 quaein
1091 2154 1177 2217 inter·

106 2238 212 2317 palatis
234 2238 343 2316 legitur
365 2257 430 2318 pac.
460 2244 549 2317 atque
571 2237 620 2298 hic
640 2238 701 2299 veri
720 2237 831 2318 aliquid
845 2238 1005 2300 retinuisse
1019 2237 1176 2301 Etruscum

105 2331 184 2397 certa
208 2322 348 2384 Gronovii
378 2321 582 2384 emendatione
605 2330 729 2384 constat.
774 2323 826 2402 qui
849 2322 1041 2384 scribendum
1064 2324 1177 2387 censuit

406 2415 408 2420 ’
666 2419 693 2469 et
714 2412 795 2489 pais
812 2408 960 2488 picatam

310 2492 438 2553 amandat
459 2495 544 2570 ipais,
566 2497 667 2572 recipit
688 2493 848 2573 intrepidas
869 2494 965 2572 seraa.

106 2576 158 2638 ubi
180 2579 243 2656 pais
266 2575 466 2637 necessarium
488 2584 542 2653 est,
566 2596 633 2639 cum
657 2577 735 2639 inter
752 2597 822 2660 qaas
843 2589 961 2659 occupat
981 2610 1024 2623 -
1039 2580 1177 2641 oertt't-

106 2665 205 2742 recc'pit
235 2678 401 2740 pronomen
430 2669 544 2723 tantum
574 2664 610 2724 ad
638 2663 731 2724 trabes
760 2663 864 2724 referri
890 2661 1001 2743 possit;
1029 2671 1178 2743 praeterea

107 2753 203 2808 autem
221 2744 397 2822 Gronovius,
420 2765 487 2809 oum
509 2751 610 2828 recipit
632 2747 795 2826 genuinum
819 2766 880 2809 non
899 2766 963 2809 esse
981 2747 1101 2811 Etrusci
1116 2764 1178 2810 cor-

107 2831 223 2911 ruptela
245 2831 354 2910 repedit
376 2829 519 2907 ostendat,
543 2831 696 2894 librarium
712 2837 812 2913 repetit
828 2832 957 2895 scribere
971 2832 1103 2897 voluisse
1116 2850 1179 2897 sus·

107 2915 223 2997 picotus
247 2917 342 2993 est2);
372 2915 451 2994 quod
474 2917 602 2979 restituit
624 2917 675 2997 qui
698 2919 831 2979 codicem
852 2921 881 2979 Σ
905 2919 1047 2980 exaravit:
1077 2916 1180 2997 legiam

108 3001 187 3062 enim
210 3000 240 3061 in
265 2999 297 3060 N
317 3010 346 3061 et
366 3018 422 3079 pro
444 3003 521 3063 varia
543 3003 671 3064 lectione
692 3002 722 3063 in
747 3003 789 3078 M,
812 3003 843 3063 in
866 3021 925 3083 quo
948 3021 1025 3082 quae
1047 3002 1180 3067 adnotatu

107 3094 178 3148 sunt
200 3085 298 3147 omnia
321 3103 356 3146 ex
377 3086 536 3167 archetypo
559 3088 679 3150 fluxere.
723 3088 823 3167 itaque
846 3087 1053 3151 scribendum:

669 3184 696 3234 et
717 3176 780 3253 pais
797 3174 945 3254 plectimus

310 3258 439 3318 eaaadat
461 3260 546 3337 epatis,
567 3262 669 3338 repetit
691 3258 850 3338 intrepidas
870 3260 968 3338 [croc.

178 3390 215 3459 ¹¹)
233 3404 258 3438 v.
279 3392 344 3442 1747
368 3389 405 3442 sic
428 3390 454 3440 in
472 3389 497 3439 a
513 3389 624 3457 scriptus
648 3394 700 3442 est:
727 3406 777 3442 aec
791 3397 900 3457 poterat
917 3395 1081 3458 reticemus.
1114 3388 1181 3459 quad

107 3454 166 3507 ideo
185 3471 298 3508 memoro
316 3457 374 3523 quia
394 3456 470 3509 simili
488 3456 580 3510 mendo
603 3473 713 3524 purgare
729 3459 754 3511 in
773 3459 859 3511 animo
876 3462 916 3512 est
932 3458 1065 3513 Phaedrae
1082 3472 1179 3513 versum

108 3525 171 3577 989:
194 3523 241 3574 sed
263 3525 329 3588 qaid
353 3528 435 3576 citato
456 3527 567 3576 amadus
590 3531 708 3592 portat
725 3527 818 3592 padre
835 3530 963 3593 spamae
979 3531 1089 3579 mantis
1106 3526 1180 3593 bugu-
1273 3530 1282 3537 ‘

110 3593 182 3642 brem
199 3591 302 3642 auitam
318 3595 415 3657 genes?
436 3593 478 3645 ubi
497 3592 556 3644 ferri
574 3608 625 3645 uon
643 3598 729 3662 potest
747 3595 815 3660 qaid
829 3601 922 3662 portat
938 3598 1084 3663 rigetque!
1104 3592 1180 3648 munl-

107 3659 201 3711 testum
220 3664 260 3711 est
278 3660 344 3724 qaid
361 3659 474 3713 adverbii
491 3660 548 3712 vice
566 3661 650 3729 iungi;
675 3676 753 3730 quare
776 3662 927 3730 legendnm:
952 3663 1001 3715 ead
1018 3663 1087 3730 quid
1101 3664 1178 3715 citato

108 3730 221 3779 nuntias
244 3734 408 3793 properat
429 3730 521 3794 gradu
545 3732 671 3795 rigatque
688 3734 795 3782 moestis
812 3732 953 3796 lugubrem
970 3732 1074 3783 cattam
1110 3728 1178 3783 mist

61 3854 63 3859 ,
109 3792 179 3861 quod
193 3795 232 3845 ita
249 3793 382 3862 Euripides
400 3795 464 3848 dixit
481 3799 581 3862 (libne
599 3795 645 3848 καὶ
661 3795 718 3866 μὴν
736 3791 850 3849 ὀπαδῶν
864 3794 1052 3851 Ἱππολύτου
1127 3793 1178 3851 eio-

111 3863 168 3931 opoi
186 3859 290 3930 σπονδῇ
310 3861 477 3930 σκυθρωπὸν
494 3860 685 3932 πρὸς·δόμους
702 3860 874 3935 ὁρμώμενον.

197 3929 218 3997 ²)
235 3929 303 3982 idem
320 3930 411 3983 iterum
430 3933 539 3984 coniecit
556 3932 688 3987 Madvicus
706 3933 774 3999 (adv.
791 3935 820 3999 ΙΙ,
841 3937 910 4000 127).
