2580 4366
453 202 491 244 nn
513 202 615 246 conrcu
636 201 772 246 uravsco.
1108 188 1146 250 17

79 342 82 349 ’
118 367 179 428 aegre
189 351 292 431 legitur.
338 361 397 415 tam
412 352 568 430 diligenter
590 353 669 415 enim
684 351 770 414 verba
785 351 839 415 ista
855 371 937 415 erasa
952 363 1039 428 sunt,
1066 361 1098 415 ut
1113 373 1148 416 ex

118 433 205 512 depictis
217 456 316 499 eorum
331 437 461 516 vestigiis
477 456 537 499 non
554 437 734 517 possessoris
753 444 866 498 tantum
887 437 1012 500 alicuius
1027 457 1148 516 nomen,

117 518 151 578 scd
168 527 188 580 ct
200 521 282 600 ‘diras
302 522 334 583 in
349 520 418 583 libri
434 522 590 602 raptorem'
605 521 733 583 editores
748 520 965 585 enucleaverint
975 526 1009 601 ²).
1039 542 1147 604 nempe

116 601 220 667 sincalos
234 606 394 669 attenderis
408 615 552 687 apparent
565 607 670 668 haece:

206 695 254 754 istc
268 691 339 753 tttcr
353 703 393 755 cst
407 702 562 754 conventus
573 690 603 752 S.
620 690 717 767 Marcj
730 691 762 753 da
776 688 924 753 Florentio

206 778 312 839 ordinis
322 777 561 857 praedicatorum,
576 777 689 839 habitus
704 777 736 838 dc
749 774 902 839 hereditate

206 860 319 924 Nc'oolui
337 856 465 946 [Nc’cooli

204 949 271 1008 clais
292 947 449 1009 doctissimi
469 956 496 1008 ct
520 938 741 1030 slorcotffissimc'

112 1025 189 1104 quihus
208 1031 441 1111 superscriptum
464 1031 535 1092 luit:

134 1117 171 1175 istc
189 1115 256 1178 liber
271 1159 429 1177 .......
445 1117 477 1178 dc
500 1115 617 1194 (rvrmr)
641 1113 745 1179 bancho
768 1131 806 1176 ca
823 1124 908 1195 porte
929 1109 1112 1200 occc‘dc[acalc'

109 1199 165 1259 acsi
181 1199 354 1263 Bandinium
377 1200 499 1274 evolvas,
522 1198 559 1263 ab
582 1198 631 1259 illo
654 1206 687 1259 ut
708 1216 796 1278 saepe
818 1199 892 1260 disci
912 1201 1045 1279 potuisse
1060 1200 1148 1262 intel-

108 1279 164 1360 leges
187 1287 262 1363 qood
292 1286 329 1347 de
358 1284 459 1347 codice
487 1304 502 1346 a
527 1284 595 1344 viris
622 1282 715 1345 doctis
743 1282 790 1344 bis
812 1291 891 1345 terve
914 1284 1097 1364 pervolutata
1120 1294 1149 1348 at

109 1364 223 1449 descripto
244 1371 276 1431 in
300 1369 479 1431 editionibus
502 1386 647 1448 nusquam
670 1378 815 1430 narratur.

113 1523 120 1548 ²
166 1454 252 1516 codex
273 1454 364 1534 igitur
385 1453 552 1516 Marcianus
573 1487 615 1496 —
630 1447 736 1528 πολὺς
758 1448 818 1534 γὰρ
843 1450 876 1517 ἐν
897 1456 1050 1536 βροτοῖσι
1072 1445 1148 1516 κούκ

107 1533 247 1618 αιώνυμος
269 1574 310 1583 -
334 1548 413 1601 totus
442 1557 502 1600 una
530 1557 620 1599 manu
643 1547 859 1615 exaratusest,
888 1540 1007 1601 mutatis
1033 1547 1148 1601 tantum

106 1619 202 1686 subinde
215 1635 245 1687 et
259 1622 370 1687 calamo
388 1634 417 1687 et
432 1630 604 1685 atramento.
621 1632 822 1684 correctorum
838 1641 928 1703 opera
940 1642 996 1687 nec
1007 1624 1148 1685 continua

106 1703 144 1766 tut
159 1719 183 1770 et
196 1710 372 1788 plerumque
387 1708 528 1783 modesta,
550 1708 595 1768 vel
609 1708 708 1786 potins
724 1709 917 1782 correctoris3
940 1727 1008 1770 nam
1031 1716 1149 1788 praeter

105 1792 232 1856 secundam
256 1812 376 1855 manum
396 1810 573 1874 quamquam
588 1804 649 1854 tres
664 1792 793 1855 diversae
809 1793 1082 1872 deprehenduntur,
1096 1811 1148 1854 eae

106 1876 244 1949 parcissima
267 1877 415 1958 reliquere
437 1878 597 1939 industriae
618 1877 748 1956 vestigia.
778 1878 907 1938 secunda
930 1887 1028 1938 autern
1043 1895 1148 1939 manus

107 1969 239 2028 tuancnto
268 1983 321 2027 usa
351 1962 481 2043 nigriore
502 1981 591 2042 quam
613 1963 708 2041 prima
729 1962 779 2023 hic
800 1961 860 2023 illio
882 1960 994 2024 litteras
1016 1961 1147 2038 mutavit,

105 2038 197 2109 lneolas
216 2048 338 2123 addidit,
360 2047 439 2110 baud
460 2047 631 2126 frequenter
649 2046 735 2108 verba
751 2046 866 2124 integra
880 2065 1016 2108 versusva
1030 2046 1148 2121 adiecit,

106 2143 172 2202 paca
189 2133 227 2197 ita
248 2132 338 2196 erasit
355 2141 387 2194 ut
401 2133 472 2212 quid
487 2131 633 2194 subluerit
648 2130 753 2212 dispici
767 2140 904 2211 nequeat.
934 2131 970 2193 ab
984 2132 1039 2194 hac
1057 2150 1148 2194 manu

107 2209 189 2278 diversa
209 2228 254 2280 est
275 2218 331 2279 alia
353 2236 428 2297 quae
451 2237 477 2278 e.
493 2234 520 2295 g.
534 2217 688 2295 'vulgatam
710 2215 867 2277 lectionem
891 2216 937 2278 llt.
956 2218 996 2280 37
1019 2217 1148 2280 restituit

106 2301 126 2354 tl
139 2313 276 2378 practerea
298 2321 361 2364 non
383 2301 483 2363 multis
503 2301 577 2362 locis
599 2301 738 2376 occurrit,
764 2301 922 2363 Herculem
944 2301 1075 2382 priorem
1100 2302 1148 2362 vix

108 2385 200 2447 excedit.
229 2387 343 2449 diversa
366 2405 485 2448 rursum
507 2404 612 2447 manus
627 2385 748 2447 scholiis
762 2385 910 2465 margines
926 2387 1092 2466 complevit,
1115 2386 1147 2448 in

106 2479 246 2533 sacomam
269 2472 446 2553 plerumque
466 2471 575 2546 initiis3
598 2489 673 2550 quae
695 2480 797 2550 postea
819 2471 918 2532 omnia
938 2470 1073 2550 spongiis
1096 2470 1147 2531 de-

106 2553 159 2614 ltrsa
171 2564 245 2632 sunt,
262 2576 324 2618 non
340 2557 379 2618 ita
394 2567 492 2617 tamen
508 2565 541 2617 ut
556 2556 630 2616 nihil
646 2555 709 2617 erui
723 2556 833 2636 possit:
857 2556 928 2617 satis
947 2564 1026 2617 certe
1041 2574 1148 2635 super·

106 2648 146 2710 que
161 2651 191 2703 ut
208 2642 246 2703 'de
269 2642 366 2722 pretio
389 2659 495 2703 eorum
516 2659 639 2702 securus
661 2640 758 2719 degas.
795 2640 895 2701 eadem
911 2657 979 2702 vero
995 2659 1101 2702 manus
1116 2638 1147 2700 in

106 2717 258 2800 mnarum
274 2727 448 2807 paginarum
464 2726 591 2788 summis
601 2724 783 2804 marginibus
797 2723 913 2788 fabulae
928 2743 1037 2786 nomen
1052 2723 1149 2805 pinxit

106 2812 126 2862 et
139 2825 189 2872 non
210 2829 358 2890 nusquam
380 2811 512 2873 versibus
534 2811 675 2890 quaedam
698 2809 770 2889 ipsis
792 2810 956 2890 adscripsit.
1000 2828 1016 2870 a
1038 2809 1147 2888 quibus

106 2893 215 2957 onnihus
235 2896 350 2958 diversa
372 2905 415 2958 est
437 2914 542 2957 manus
564 2914 639 2975 quae
661 2895 692 2955 in
715 2894 863 2956 Phaedrae
885 2895 950 2956 loco
973 2896 1036 2958 634
1058 2912 1103 2973 sq.
1119 2903 1148 2954 et

106 2968 151 3036 tliis
171 2980 355 3059 paucissimis
377 2980 488 3060 glossas
510 2979 700 3042 interlineas
722 2979 840 3043 addidit
885 2978 1013 3059 denique
1042 2997 1147 3041 manus

105 3063 203 3124 renatis
224 3065 287 3127 aevi
309 3084 401 3145 pauca
423 3065 559 3127 correxit.
589 3065 648 3127 huc
670 3082 738 3126 cum
763 3065 882 3127 accedat
906 3073 940 3125 ut
964 3063 1060 3144 prima
1085 3081 1147 3125 ma·

106 3155 146 3202 lla
161 3162 224 3226 post
251 3149 393 3230 scriptum
422 3149 532 3212 librum
559 3150 622 3229 ipsa
651 3168 712 3210 non
734 3149 815 3212 nulla
836 3157 921 3212 antea
944 3147 1053 3209 omissa
1075 3166 1148 3226 sup·

106 3221 209 3309 lltverit,
229 3233 310 3296 rides
332 3234 533 3296 discernendis
554 3235 691 3297 manibus
713 3234 900 3314 quantumvis
924 3250 1062 3312 magnam
1081 3229 1148 3293 dili·

107 3315 205 3383 sanun
234 3319 462 3399 impendendam
491 3337 565 3381 esse.
608 3318 639 3381 id
667 3319 745 3397 quod
772 3338 828 3382 nec
848 3319 878 3380 in
902 3319 959 3379 hoc
980 3316 1058 3378 libro
1080 3324 1149 3377 ante

107 3407 145 3458 lta
154 3401 257 3466 lactum
270 3413 386 3466 estnec
400 3404 431 3466 in
446 3403 510 3467 aliis
527 3404 611 3482 vulgo
626 3403 690 3466 fieri
701 3405 787 3467 solet.
810 3404 887 3466 idem
902 3401 976 3464 valet
990 3401 1027 3463 de
1041 3401 1147 3464 litteris

107 3481 257 3572 litibusque
279 3488 371 3550 erasis
392 3488 544 3569 scriptisve
565 3488 596 3549 in
619 3506 731 3562 rasura,
753 3491 788 3551 de
811 3489 920 3568 quihus
943 3496 974 3550 ut
999 3496 1078 3550 recte
1100 3488 1148 3549 iu·

107 3559 194 3632 dator
206 3591 313 3653 operae
328 3592 396 3653 pars
410 3574 499 3651 longe
514 3573 682 3635 difficillima
698 3583 742 3634 est
757 3574 884 3636 necdum
894 3592 965 3635 sane
977 3574 1008 3635 in
1019 3573 1148 3635 Etrusco

108 3642 196 3716 lemn
217 3657 426 3719 administrata.
468 3658 567 3737 itaque
588 3659 718 3738 primum
738 3657 819 3718 locos
840 3659 875 3719 de
898 3676 1024 3738 quorum
1047 3676 1148 3718 corre·

109 3737 176 3800 dune
199 3741 356 3822 liturisque
383 3760 488 3822 param
516 3751 595 3805 recte
617 3762 633 3804 a
654 3742 804 3823 prioribus
825 3741 948 3804 relatum
971 3752 1015 3806 est
1037 3759 1148 3822 paucos

110 3843 282 3869 N—

170 3922 187 3988 ’)
202 3926 280 3994 praef.
297 3941 324 3993 p.
341 3924 448 3979 lllllllll.

146 4007 180 4056 loa
189 4017 214 4062 do
227 4019 324 4063 Senem
337 4018 462 4070 tragoediis.
935 4011 953 4066 ‘l
