2580 4366
107 187 165 247 144
454 201 492 244 un
514 200 692 243 5454455545
714 201 827 245 nonum.

104 353 265 417 tetrametri
288 351 420 431 dactylici
443 351 643 431 septendecim
666 353 753 414 tertio
774 353 841 415 loco
863 354 964 433 positi,
988 355 1042 435 qui
1062 371 1172 417 omnem

104 439 288 502 subtiliorem
311 437 533 515 dispositionem
557 437 747 515 pertinaciter
770 447 900 515 renuunt
923 446 955 501 et
970 449 1170 520 aspernantur.

105 524 213 587 etenim
236 523 333 582 hiatus
355 521 512 583 intercedit
533 522 612 582 inter
634 525 693 584 451
720 531 749 583 54
771 525 851 598 452,
873 525 937 586 456
960 533 991 586 54
1012 527 1093 599 457;
1120 523 1169 603 syl·

104 610 169 670 laha
192 607 339 687 positione
361 607 389 666 si
408 607 443 667 ad
467 617 638 684 sequentem
662 626 778 668 versum
799 608 945 688 adligatus
967 609 1058 688 longa
1077 609 1166 671 051454

106 711 208 755 454555
234 693 306 755 453.
338 694 409 752 454.
441 695 512 753 455.
542 695 615 754 400.
644 693 716 755 464.
767 693 866 771 itaque
897 694 953 754 hos
986 712 1088 757 454555
1115 711 1162 755 554

106 775 338 856 circumscripsit
360 775 491 856 periodis
514 794 570 836 nec
592 776 714 836 omnino
736 777 829 856 magis
850 777 918 839 illos
933 778 1011 841 inter
1026 778 1160 841 seculae

106 881 172 924 4545
191 862 283 922 451544
302 879 389 940 quam
405 860 564 940 sapphicus
580 860 750 941 similesque
764 858 847 925 κατὰ
863 865 974 942 στίχον
990 862 1157 944 compositos

106 955 218 1009 restant
245 946 405 1006 hexametri
437 946 522 1006 variis
545 946 646 1007 metris
668 947 708 1007 ita
730 946 898 1026 interpositi
920 957 955 1009 ut
976 967 1003 1009 v.
1025 951 1086 1012 403
1106 948 1156 1021 054,

106 1034 169 1097 429
191 1042 267 1105 4455,
297 1034 359 1092 445
390 1039 544 1109 quattuor,
575 1033 636 1094 466
665 1050 717 1092 sex
743 1049 847 1093 versus
869 1040 898 1093 et
920 1033 1044 1109 totidem
1066 1051 1091 1093 4.
1109 1031 1154 1094 503

107 1137 172 1180 5555
195 1115 350 1194 excipiant.
394 1116 452 1176 hoc
474 1115 499 1176 si
514 1114 670 1176 artificiose
686 1115 855 1177 institutum
870 1135 936 1180 esse
951 1117 1106 1192 credimus,
1121 1114 1154 1175 in·

109 1211 176 1283 epte
197 1200 269 1262 15544
290 1201 321 1260 45
342 1199 552 1279 progrediente
573 1218 711 1261 45455554
735 1219 859 1262 numero
883 1209 912 1263 et
940 1201 1070 1281 ineptius
1090 1199 1154 1263 51445

107 1287 133 1348 54
154 1285 293 1347 Richtero
317 1284 464 1346 credimus
486 1304 511 1344 4.
535 1287 597 1348 466
619 1283 651 1346 45
674 1285 732 1346 055
755 1282 880 1347 14554515
902 1286 1053 1349 0444455514
1070 1280 1153 1345 -551

109 1389 169 1433 554
192 1369 348 1431 credimus.
386 1388 494 1449 nempe
516 1369 610 1432 evinci
629 1378 726 1449 potest
741 1370 870 1450 primum
885 1371 990 1433 5511545
1004 1371 1152 1433 locumron

108 1463 188 1517 recte
209 1455 346 1516 traditum
370 1472 444 1515 esse.
482 1463 570 1533 atque
591 1472 678 1515 nemo
702 1455 819 1533 quidem
842 1455 940 1519 extitit
961 1457 1014 1537 qui
1035 1456 1102 1518 haec
1117 1469 1152 1514 ex·

108 1540 231 1621 plicaret
251 1542 289 1615 (4.
313 1539 404 1613 40314

313 1625 434 1706 effusum
455 1624 585 1685 redimite
607 1642 715 1686 comum
736 1633 856 1686 55454545
878 1625 1021 1704 corymbo,

313 1707 411 1770 mollio
434 1708 553 1787 Nysaeis
575 1720 704 1771 54455455
727 1707 854 1771 bradeleia
877 1709 993 1788 thyrsis,

314 1792 440 1855 lucidum
461 1793 532 1854 coeli
552 1795 633 1854 demes
653 1793 707 1855 duc
727 1794 793 1854 odes
813 1797 888 1856 votis
909 1812 934 1854 5.
948 1812 977 1873 q.
993 1813 1018 1856 s.
1141 1868 1154 1881 ..

109 1881 152 1941 sic
175 1878 288 1939 55414554
308 1877 347 1950 Ε,
370 1889 480 1940 armate
502 1878 531 1948 (4.
555 1897 581 1938 5.
604 1885 655 1939 554
682 1889 792 1940 armate
820 1887 871 1940 aut
898 1872 1155 1957 5445545511,ου

109 1968 224 2027 armati.
262 1963 378 2042 priores
401 1963 445 2024 vel
467 1965 528 2026 403
552 1963 588 2023 50
609 1962 767 2038 Bacchum,
794 1965 856 2026 404
878 1963 914 2023 50
935 1963 1065 2026 Bacchas
1084 1966 1156 2023 rettu-

110 2048 210 2110 lerunt
233 2050 384 2124 (54445455)
403 2057 432 2108 54
447 2048 476 2107 45
493 2047 704 2108 exclamatione
719 2057 787 2127 post
801 2048 905 2126 thyrsis
922 2048 1156 2128 interponerent

110 2134 139 2194 id
163 2132 243 2212 quod
264 2132 422 2194 Richterus
445 2132 596 2211 amplexus
618 2141 678 2205 est;
706 2132 767 2207 451,
791 2134 870 2211 quod
892 2132 1059 2213 Gronovius
1079 2124 1157 2193 volnt

112 2227 141 2279 et
162 2219 293 2279 redimite
309 2225 338 2277 et
352 2227 482 2279 54445455
496 2217 531 2277 50
547 2218 613 2277 odes
628 2216 792 2292 trahebant,
814 2225 856 2293 ut,
879 2217 959 2295 quod
974 2219 1046 2280 15444
1059 2212 1157 2279 annin

111 2302 225 2379 nequit,
247 2303 324 2363 idem
347 2302 419 2362 deus
439 2309 468 2362 et
487 2302 590 2380 quinto
606 2309 636 2362 54
649 2301 746 2381 primo
762 2320 831 2362 casu
848 2301 1088 2382 compellaretur:
1107 2307 1157 2359 cun

110 2386 182 2447 15444
205 2404 275 2446 5555
297 2386 409 2461 debeat,
432 2387 502 2449 licet
519 2387 591 2447 0545
607 2387 654 2460 544,
678 2386 824 2447 554455445
840 2387 917 2448 45454
932 2387 1028 2449 454455
1043 2394 1157 2449 numum

112 2471 254 2544 dissecta;
276 2471 321 2530 vel
345 2471 472 2550 denique
488 2490 512 2531 4.
529 2475 591 2534 404
614 2479 643 2532 54
660 2471 834 2534 405155545
851 2472 930 2534 45454
944 2490 978 2533 55
992 2468 1158 2534 4554545444·

112 2565 226 2630 554554,
242 2573 299 2634 qua
314 2556 345 2615 in
362 2574 393 2615 45
409 2556 561 2617 4555415545
576 2555 702 2617 51455405
718 2575 777 2617 555
792 2565 837 2616 554
848 2556 1034 2623 4554550545.
1060 2549 1158 2618 uude

112 2659 164 2701 rus
180 2639 249 2719 quid
266 2639 322 2701 sihi
337 2640 405 2702 velit
420 2646 456 2712 (r.
469 2660 508 2701 m.
521 2659 551 2720 p.
566 2642 638 2717 123)
656 2648 723 2720 post
737 2660 764 2700 4.
779 2643 841 2704 403
856 2640 985 2703 05514454
999 2641 1159 2719 distinguens

113 2735 141 2787 54
162 2745 189 2785 4.
212 2728 273 2788 404
302 2725 337 2785 50
368 2728 430 2787 405
452 2726 572 2787 44514555
595 2726 659 2804 ipse
682 2724 791 2787 scierit.
835 2744 929 2787 unum
950 2744 1038 2803 vero,
1066 2720 1158 2813 quodi

114 2810 300 2888 grammatica
329 2810 399 2869 15444
428 2811 538 2888 possit,
568 2810 597 2870 id
626 2809 739 2871 scilicet
767 2811 845 2888 quod
874 2810 1034 2873 Richterus
1060 2808 1158 2885 recept

11 2909 14 2914 ·
112 2894 200 2974 plane
224 2893 337 2954 nullum
360 2913 481 2955 sensum
504 2895 603 2956 elficit.
640 2894 711 2973 quid
733 2912 833 2955 verum
852 2895 891 2956 sit
904 2895 1023 2957 Etrusci
1038 2895 1160 2975 scriptu·

113 2978 223 3041 indicat
244 2979 361 3053 saltem;
386 2998 460 3058 quae
482 2980 642 3042 vocativum
666 2979 697 3041 in
720 2979 829 3058 priore,
852 2980 1065 3042 nominativum
1082 2984 1160 3043 casum

113 3065 144 3126 in
174 3065 265 3125 altero
294 3082 379 3125 versu
409 3066 542 3126 45154555
571 3063 681 3143 aliquid
711 3064 788 3126 inter
816 3072 977 3144 utrumque
1002 3060 1161 3127 incenium

113 3159 214 3229 aperte
236 3151 331 3211 docet.
369 3150 448 3228 quod
472 3167 539 3210 cum
562 3149 741 3210 intellexeris
762 3148 841 3209 ultro
862 3150 974 3211 senties
988 3149 1162 3213 4551101444

113 3234 175 3297 chio
197 3243 227 3295 et
252 3234 374 3313 Nysaeos
396 3233 506 3313 thyrsos
528 3252 589 3295 non
612 3243 691 3295 45545
713 3234 749 3295 ad
770 3252 863 3294 unum
887 3234 1035 3297 Bacchum
1060 3234 1162 3297 acinus

114 3321 181 3394 550,
210 3320 290 3398 quod
312 3319 440 3381 sensisse
463 3328 492 3379 et
513 3317 755 3398 interpolatorem
777 3317 920 3395 vidimus,
948 3320 986 3382 ad
1012 3314 1165 3381 machedum

112 3404 229 3464 turbam
259 3403 305 3464 dei
334 3404 519 3483 pedisequas.
564 3422 686 3482 quarum
709 3404 820 3464 mentio
842 3411 912 3483 post
932 3406 995 3469 403
1017 3404 1115 3468 amissa
1130 3394 1166 3459 ³5⁶

115 3487 176 3547 1545
198 3488 287 3549 55455
309 3507 411 3550 454555
434 3488 543 3549 ambitu
567 3488 664 3548 efferri
686 3488 797 3567 potuit:

318 3575 439 3654 effluam
460 3575 589 3635 redimite
610 3591 719 3634 comum
739 3584 859 3635 55454445
880 3575 1012 3654 corymbo

319 3652 387 3738 [hato
408 3661 487 3730 ades,
513 3658 567 3719 455
588 3662 722 3720 comitum
743 3658 814 3719 lueto
837 3677 901 3720 cum
922 3664 1052 3724 5544444445
1077 3634 1169 3729 4441141

318 3741 416 3803 mollio
438 3743 557 3822 Nysaeis
578 3754 707 3805 armatus
729 3741 857 3805 bracchia
878 3743 994 3824 thyrsis.

117 3822 184 3884 dein
208 3840 283 3883 novo
306 3824 432 3904 impetu:

319 3908 444 3972 lucidum
466 3911 537 3974 coeli
557 3913 638 3975 decus
659 3912 713 3974 055
734 3913 801 3975 odes
823 3932 848 3974 e.
865 3930 894 3992 q.
909 3931 934 3973 s.
