2580 4366
533 190 570 231 nn
592 188 795 246 acaunuuoun.
1154 174 1194 237 93

130 327 158 392 ln
177 339 400 420 Agamemnonis
422 339 488 401 loco
512 359 578 401 cum
602 341 764 402 secundum
788 341 951 402 sententiae
971 343 1136 405 membrum
1160 343 1196 406 ab

132 415 296 503 imperativo
319 426 409 507 effere
430 426 573 505 pendeat,
603 426 688 505 prius
718 445 837 506 quoque
858 426 976 504 (bausit)
1000 430 1103 490 eodem
1132 429 1196 508 regi

129 511 312 573 manifestum
343 519 401 585 est3
432 511 530 589 itaque
559 511 590 571 in
619 511 850 588 interrogatione
871 512 1015 574 indirecta
1037 512 1098 575 illic
1119 514 1197 574 indi·

130 594 235 657 cativus
256 595 403 657 admissus
426 607 479 657 est.
523 596 591 657 audi
613 596 783 656 Diomedem
810 606 864 658 art.
886 615 917 674 p.
941 598 1019 672 395,
1048 601 1086 662 15
1105 595 1198 660 ‘leuc

127 686 241 754 mesiem
261 680 437 758 (relativam)
460 685 492 742 ia
514 683 713 743 cousuetudine
731 701 838 761 perum
860 681 947 743 multi
972 683 1121 746 observem
1142 689 1197 746 im-

123 770 227 838 peritia
249 767 334 848 lapsi,
357 785 421 828 cum
443 768 540 828 dicum
558 762 661 839 ‘messab
683 767 752 847 guid
765 757 851 846 fam's'
871 762 982 828 ‘rsescio
997 770 1065 848 quid
1077 770 1173 848 fecisti
1177 762 1197 832 ².

125 852 267 913 medalius
289 855 365 912 mim
387 853 495 913 dicetur
513 847 617 913 ‘nescio
639 854 709 933 quid
727 847 829 931 susies'
847 845 950 914 ‘nescio
972 855 1040 933 guid
1060 847 1197 932 feceris''.

125 949 185 997 nan
214 944 320 1016 aptum
348 938 515 1016 exemplum
544 937 750 1016 grammaticus
780 937 883 1016 elegit,
912 955 979 998 nam
1009 944 1102 1000 nescio
1131 940 1200 1020 quid

127 1033 230 1083 omnes
258 1040 328 1082 cum
356 1021 514 1082 indicativo
544 1023 681 1099 iungunt.
725 1030 807 1100 patet
834 1031 932 1084 tamen
962 1023 1056 1102 qualis
1082 1024 1200 1102 generis

124 1098 296 1168 idiotismon
320 1107 499 1186 respexerit3
523 1107 663 1168 nimirum
686 1106 764 1187 quali
789 1107 909 1168 Ovidius
928 1127 999 1168 usus
1021 1117 1065 1169 est
1078 1109 1199 1186 metll,

125 1188 185 1256 673
208 1193 281 1273 qma
300 1192 374 1270 fecit
396 1194 570 1272 ignoraus.³)
611 1201 761 1271 praeterea
784 1191 862 1254 haud
885 1194 1056 1272 frequenter
1079 1194 1200 1256 Ovidius

123 1271 315 1338 indicativum
339 1275 369 1358 in
392 1276 624 1354 interrogatione
639 1277 780 1338 indirecta
796 1277 911 1356 posuit:
936 1278 998 1338 her.
1017 1282 1065 1347 tu,
1083 1281 1123 1344 86
1138 1275 1205 1361 quii

122 1365 238 1424 scitam
258 1362 327 1424 boec
347 1381 446 1423 suevus
475 1363 593 1441 tigridus
621 1362 716 1423 imula
746 1361 850 1425 belet?
897 1365 951 1439 12,
975 1366 1011 1425 71
1043 1369 1134 1427 messio
1160 1383 1201 1424 ers

123 1450 295 1510 cecideruut
316 1465 425 1509 mecum
447 1446 508 1509 locs
531 1449 640 1523 (nostin
663 1467 702 1507 cm
724 1448 901 1522 Puteaneus‚
924 1453 1016 1510 nescis
1039 1456 1067 1509 et
1089 1451 1201 1511 excide-

123 1535 186 1592 rint
207 1533 275 1606 alii;
298 1531 392 1612 magis
415 1532 501 1593 etiam
524 1531 624 1612 priore
642 1532 708 1593 loco
724 1533 841 1594 codices
856 1533 968 1593 variant
983 1541 1012 1593 et
1026 1553 1094 1595 cum
1108 1535 1201 1596 inter·

124 1616 312 1692 potatoribus
340 1617 395 1678 viri
425 1617 503 1678 docti
530 1625 654 1680 certant.
698 1635 826 1697 quorum
849 1625 1014 1678 commenta
1036 1619 1101 1680 vide
1123 1619 1202 1700 apud

123 1696 293 1764 lleinsium.
325 1703 350 1762 si
373 1711 486 1764 mutare
508 1703 668 1765 voluerunt
682 1702 849 1764 debuerunt
863 1702 959 1763 insule
974 1703 1035 1765 alet
1050 1703 1200 1772 scriberet.

122 1780 289 1866 Vergilium
318 1796 348 1848 et
373 1787 447 1848 alios
469 1789 552 1849 videm
574 1799 607 1850 ut
629 1807 696 1849 cum
719 1788 875 1849 indicativo
898 1788 1029 1848 iunxisse
1052 1788 1203 1851 bentleius

121 1872 331 1952 comprobarit
352 1873 388 1933 ad
411 1872 481 1932 Hor.
506 1891 552 1951 ep.
575 1872 598 1949 1,
624 1876 652 1947 1,
675 1874 712 1934 91
739 1872 880 1952 exemplis
903 1872 1011 1951 quibus
1033 1873 1105 1933 adde
1134 1874 1202 1934 Aoo.

120 1949 216 2036 Epig.
230 1959 287 2036 lrg.
303 1957 368 2018 XIV
382 1977 409 2016 v.
425 1959 487 2021 303
510 1959 595 2019 videre
615 1968 649 2019 m
670 1969 697 2019 te
718 1962 850 2038 impietas
868 1958 997 2019 stimulet
1012 1977 1062 2019 uec
1075 1960 1204 2020 mederet

118 2041 242 2103 metus?
273 2043 311 2104 cl.
327 2042 443 2103 Dissen.
459 2043 496 2104 ad
512 2042 576 2103 Tib.
593 2043 629 2117 ΙΙ,
650 2045 718 2105 125.
742 2045 811 2104 dee.
828 2042 941 2103 Atham.
958 2043 1014 2121 irg.
1030 2042 1081 2120 ΙΙΙ,
1099 2063 1124 2103 v.
1144 2045 1200 2105 191

117 2122 185 2191 (am
205 2129 299 2189 dubito
323 2129 392 2208 quid
413 2126 499 2206 agis?
521 2146 587 2190 seve
601 2147 636 2189 ue
650 2133 683 2190 ia
696 2128 812 2190 turbam
828 2139 853 2190 te
868 2127 1004 2208 implices)
1021 2138 1101 2189 reete
1115 2126 1204 2189 Nonii

114 2199 201 2270 libri
221 2213 379 2291 praebent:
404 2233 444 2274 em
466 2211 586 2275 dubito?
608 2213 645 2274 ale
666 2215 735 2294 quid
756 2211 838 2292 agis?
861 2217 900 2289 (a.
916 2215 942 2274 d.
957 2213 995 2274 be
1009 2233 1033 2294 q.
1049 2233 1078 2275 u.
1094 2214 1203 2288 codd).

113 2283 206 2358 Hor.
227 2317 273 2378 ep.
295 2298 326 2373 1,
349 2300 450 2374 3,·3u
480 2299 557 2359 debes
582 2333 617 2340 -
642 2299 810 2374 rescribere,
838 2305 865 2360 si
890 2299 945 2359 tibi
971 2317 1057 2360 curae
1082 2311 1205 2380 poeotes

112 2387 280 2445 conomius
306 2382 473 2455 Mummius,
501 2402 540 2444 um
567 2382 640 2445 mele
666 2393 746 2445 sorte
774 2389 870 2463 gretie
897 2389 1069 2465 sceptrigeram
1097 2389 1152 2446 coit
1178 2395 1206 2445 et

110 2470 305 2530 rescinditur
327 2488 396 2548 eq.
413 2488 437 2529 s.
481 2468 633 2531 bentleius
654 2469 799 2549 probavit,
821 2487 882 2531 non
905 2472 941 2531 sit
963 2470 1016 2530 tibi
1036 2488 1122 2531 curae
1145 2486 1204 2547 quo

109 2549 221 2612 etiam
248 2565 326 2615 coeat
354 2563 383 2614 et
411 2554 590 2615 rescindatur
615 2553 737 2633 flagitari
760 2553 840 2616 vidit.
884 2554 935 2614 sed
958 2563 1037 2614 recte
1058 2554 1206 2633 Hauptius

108 2618 233 2698 ¹0oum
256 2639 402 2718 disposuit
422 2638 502 2699 finali
526 2639 714 2700 distinetione
737 2647 804 2718 post
819 2637 985 2700 Munatium
1007 2639 1112 2718 posita.
1150 2639 1205 2700 Ca·

107 2715 201 2781 tulli
223 2742 314 2785 unum
337 2724 434 2784 locum
458 2724 519 2784 seio
543 2725 594 2798 69,
621 2729 658 2788 10
681 2736 732 2785 eut
746 2725 890 2785 admirari
904 2725 998 2785 desim
1013 2742 1065 2786 cur
1077 2724 1206 2803 fugiunt.

107 2786 243 2868 Tibulli
265 2809 309 2881 ll,
332 2812 368 2883 4,
394 2810 432 2872 18
460 2819 486 2870 et
511 2808 604 2888 paulis
626 2844 667 2854 -
689 2814 779 2870 uersis
800 2806 883 2870 luae
904 2813 1028 2870 recurrit
1049 2813 1127 2889 equis
1148 2809 1208 2885 (re-

107 2892 233 2955 mmet
255 2894 339 2955 codd.
363 2893 486 2972 aliquot)
509 2893 560 2954 ubi
587 2895 623 2955 cl.
646 2894 762 2956 Dissen.
784 2893 882 2955 Manil.
899 2893 946 2968 IV,
969 2897 1027 2956 117
1050 2913 1100 2955 uec
1118 2895 1208 2972 refert

106 2977 223 3040 tectus
243 2981 319 3042 uude
340 2979 415 3040 cedit
436 2979 527 3053 (cedet
550 2987 618 3040 ante
636 2979 733 3042 lucebi
753 2979 934 3056 editionem).
964 2978 1113 3040 rarissime
1129 2977 1209 3057 apud

109 3045 265 3138 §enecas
287 3063 440 3143 aequales:
471 3065 508 3124 cf.
532 3064 642 3126 Lucan.
665 3065 723 3142 lll,
748 3066 816 3129 563.
832 3080 935 3145 quaere
957 3065 1024 3144 guid
1045 3073 1084 3124 est
1105 3069 1207 3125 m'rtus.

110 3143 172 3202 ¹¹1
195 3147 319 3211 Senecae
343 3147 500 3227 tragoediis
523 3149 626 3211 similis
648 3150 732 3211 locus
754 3156 831 3210 extat
852 3149 925 3229 Thy.
950 3151 1008 3211 771

339 3278 389 3319 meo
410 3258 498 3337 sam'le
520 3261 595 3323 dicas
616 3279 737 3340 corpere
759 3280 798 3321 aas
820 3260 955 3336 flammae
976 3263 1067 3336 megia

338 3362 480 3423 gemuere.

122 3442 236 3513 tanien
265 3464 298 3514 ut
324 3453 422 3514 locum
452 3455 479 3516 ei
506 3474 522 3515 a
551 3474 611 3534 quo
640 3456 758 3516 initium
783 3456 917 3532 cepimus
938 3463 1063 3531 prorsus
1084 3451 1209 3512 similem

124 3532 303 3600 iMlleramus
325 3540 514 3601 coniunctim
536 3541 726 3602 indicativum
748 3539 783 3601 ab
806 3539 908 3599 eodem
927 3537 1016 3598 verbo
1031 3537 1208 3616 pendentem

133 3619 303 3700 excipiente
332 3641 409 3704 opus
438 3626 536 3686 luerit.
581 3627 697 3705 qualem
725 3624 824 3684 locum
846 3623 878 3684 in
900 3623 1031 3684 Senecae
1052 3620 1210 3701 tragoediis

135 3758 343 3785 ᾨ-
362 3795 364 3799 a

202 3920 207 3931 ¹
230 3856 249 3922 ³)
266 3859 305 3909 ubi
327 3859 354 3910 iu
372 3857 447 3910 codd.
466 3858 616 3926 quibusdam
640 3860 712 3926 qrecd
728 3858 798 3920 lacit
819 3858 860 3910 vel
885 3858 951 3923 quid
971 3854 1071 3919 saciet,
1094 3853 1211 3905 Heinsius

149 3924 252 3976 coniecit
268 3927 384 3993 quidque
402 3932 476 3992 egat.
508 3975 513 3983 ‚
