2580 4366
1081 220 1158 283 XVII

176 391 250 464 Quot
272 391 385 453 fabulas
408 389 579 470 complexus
601 391 639 452 sit
660 392 751 452 codex
774 390 816 463 ll,
847 390 905 452 dici
928 392 1049 469 nequit,
1080 410 1154 473 quo·

45 469 172 538 niam
200 476 428 557 quaternionum
459 476 575 536 numeri
612 475 684 536 nulli
718 485 895 554 supersunt;
928 484 1054 539 attamen
1088 476 1155 556 plus

23 550 202 624 duabus
224 580 292 624 eum
322 562 505 624 continuisse
533 559 678 639 probabili
705 561 913 623 fasciculorum
936 563 1156 642 computatione

45 638 228 710 efflatur:
252 647 332 709 conl.
347 647 465 726 Paiperi
488 653 516 706 51
530 645 661 706 Richteri
684 647 1029 726 praelation.pag.rrx1.
1061 650 1157 728 Atque

47 739 123 789 lle
151 732 177 794 id
198 733 318 812 quidem
342 731 469 792 discerni
493 738 599 811 potest,
622 743 722 793 utrum
745 731 844 792 Medea
867 750 903 792 an
920 729 1052 810 Oedipus
1075 733 1158 812 prio-

47 825 152 878 rem
171 818 202 879 in
226 816 253 879 ll
274 817 373 878 locum
399 816 598 895 occupauerit.

173 903 309 982 Scriptus
325 909 369 964 est
384 902 477 962 codex
493 899 518 961 ll
534 919 567 962 55
582 900 747 962 litterarum
763 900 930 980 capitalium
953 902 1056 979 lorma,
1080 921 1156 982 quae

51 994 158 1048 eum
178 988 308 1049 medium
332 986 539 1066 aliquomodo
562 995 659 1047 teneat
685 986 784 1047 locum
807 987 884 1048 inter
906 986 1001 1049 Plauti
1024 987 1154 1049 codicem

52 1063 315 1135 Ambrosianum
338 1072 556 1133 accuratissime
579 1071 691 1151 pictum
714 1080 743 1133 ct
764 1071 894 1132 Terentii
918 1073 1048 1134 codicem
1068 1073 1156 1134 Bem-

52 1147 191 1218 binum
212 1157 313 1219 minus
335 1166 507 1218 constanter
529 1155 647 1234 scriptis
669 1155 774 1218 litteris
798 1157 1041 1236 conspicuum¹)‚
1068 1158 1156 1237 paulu

54 1241 270 1313 probabilius
285 1242 390 1322 quinto
407 1260 492 1321 quam
510 1251 613 1320 quarto
629 1240 746 1301 saeculo
762 1243 879 1303 uidetur
891 1242 1016 1309 adscribi
1032 1245 1157 1322 pessel).

56 1318 154 1388 Hoc
174 1335 307 1404 constat,
336 1327 504 1388 Plautinum
535 1325 617 1387 illum
647 1326 777 1387 codicem
801 1327 960 1389 Annacano
990 1347 1054 1389 esse
1081 1328 1157 1388 anti-

57 1412 239 1485 quiorem:
271 1430 338 1475 nam
362 1420 391 1473 et
414 1413 435 1473 F
458 1422 488 1473 et
508 1410 533 1471 R
556 1411 669 1472 litterae
698 1412 730 1472 in
753 1412 810 1473 boc
832 1411 934 1474 subter
957 1412 1063 1474 lineam
1087 1431 1157 1492 pro-

58 1489 239 1559 ducuntur
269 1506 298 1558 et
327 1499 363 1558 ad
390 1497 515 1559 labentis
548 1495 754 1574 calligrapbiac
787 1504 909 1558 aetatem
937 1498 1008 1559 illud
1039 1516 1158 1577 quoque

58 1578 207 1644 uidetur
229 1583 388 1663 pertinere,
413 1583 491 1661 quod
515 1600 575 1643 non
599 1598 702 1641 omnes
724 1581 837 1643 litterae
860 1600 952 1661 aeque
975 1582 1049 1644 altae
1071 1592 1158 1657 sunt;

59 1667 250 1748 praecipue
265 1668 360 1746 prima
376 1686 482 1729 uersus
496 1667 592 1727 littera
608 1666 639 1725 in
656 1665 681 1726 ll
699 1685 759 1726 non
783 1685 848 1727 raro
871 1666 1022 1746 paululum
1048 1668 1158 1750 eminet

59 1761 180 1831 supra
202 1753 367 1833 proximas,
396 1771 482 1832 quam
510 1751 736 1812 inconstantiam
760 1752 790 1811 iu
813 1752 983 1832 apographo
1006 1771 1072 1814 meo
1096 1771 1156 1813 non

59 1831 200 1916 ubique
221 1846 361 1918 typorum
390 1839 484 1899 lorma
513 1837 643 1898 imitatus
671 1854 752 1896 sum:
783 1836 861 1897 coni.
885 1857 911 1897 e.
935 1855 962 1915 g.
985 1837 1061 1898 bled.
1085 1839 1157 1913 726,

60 1913 166 1982 Oed.
189 1925 260 1987 395.
284 1926 376 1986 414¹.
401 1925 462 1986 526
493 1921 555 1995 (ubi
578 1921 697 1982 sinistra
720 1920 744 1982 U
768 1921 879 1983 litterae
910 1921 989 1983 trabs
1012 1921 1155 2003 producta

60 2014 220 2069 estnon
243 2026 330 2069 secus
352 2017 440 2088 atque
463 2006 492 2067 in
518 2006 735 2086 antiquioribus
758 2007 908 2068 codicibus
932 2025 1157 2086 nonnumquam

58 2083 141 2165 fit)
159 2091 187 2152 in
210 2092 306 2173 capite
329 2094 453 2173 paginae
476 2101 505 2154 et
530 2098 679 2171 practerea
703 2091 774 2152 051.
799 2095 870 2156 405.
894 2095 966 2156 416.
990 2093 1061 2156 518.
1087 2095 1158 2156 524.

60 2168 167 2239 543.
208 2178 347 2239 llemoria
370 2178 494 2238 maxime
517 2177 637 2256 dignum
662 2185 721 2251 est,
754 2178 831 2256 quod
855 2177 867 2237 l
891 2177 986 2238 littera
1008 2197 1069 2238 non
1093 2196 1159 2239 raro

60 2260 203 2323 eminet
223 2281 314 2343 supra
337 2276 464 2337 ceteras,
496 2280 674 2341 quamquam
698 2280 735 2323 ne
758 2263 789 2323 in
812 2262 866 2323 bac
889 2262 1008 2341 quidem
1032 2281 1063 2324 re
1087 2282 1159 2325 con·

60 2346 225 2408 scandam
249 2349 406 2410 adsecutus
429 2358 473 2409 est
495 2347 696 2409 amanuensis:
721 2348 800 2407 conl.
817 2347 892 2408 bled.
909 2349 968 2410 237
994 2348 1074 2422 obici,
1098 2350 1157 2411 697
1193 2370 1197 2381 ·

60 2431 118 2484 et
150 2431 204 2496 096
226 2433 337 2510 maior,
360 2435 422 2498 708
446 2434 535 2512 iupis,
566 2431 640 2492 Oed.
664 2433 726 2493 422
750 2441 778 2492 51
802 2433 862 2495 536
884 2433 959 2508 ium,
987 2436 1048 2496 510
1072 2433 1161 2504 cuites,

62 2507 276 2590 5311555,
300 2520 361 2581 516
384 2519 536 2589 iudicium,
559 2518 618 2581 521
644 2516 715 2588 uile,
745 2518 805 2578 522
828 2518 917 2592 samm
945 2527 1067 2597 apparet
1088 2518 1161 2580 locis

63 2592 242 2682 plenaque
264 2603 367 2664 altiore
390 2603 402 2662 l
424 2603 537 2663 litterae
563 2603 656 2663 forma
680 2602 700 2678 j
725 2620 831 2663 sonum
856 2602 988 2682 exprimi.
1033 2603 1159 2664 litterae

65 2672 233 2749 delendae
248 2689 454 2766 significantur
469 2705 552 2747 more
568 2688 689 2768 antiquo
705 2685 740 2748 ab
756 2687 819 2767 ipsa
835 2687 928 2766 prima
944 2705 1032 2749 manu
1048 2698 1159 2768 puncto

66 2772 183 2842 supra
204 2772 329 2834 litteram
353 2773 466 2853 posito:
498 2772 576 2832 coni.
599 2773 674 2833 bled.
699 2774 770 2836 702.
795 2775 865 2836 725.
890 2776 968 2848 740,
998 2772 1070 2834 051.
1095 2775 1157 2837 534

67 2840 183 2938 (Opus.
212 2859 299 2920 ctiam
327 2857 403 2919 bled.
434 2859 518 2933 263).
568 2857 694 2918 Litterae
721 2858 907 2936 contignatae
935 2857 1032 2919 nullae
1062 2868 1161 2921 551551

69 2933 157 2993 ”lsi
174 2942 249 3005 1151.
273 2944 336 3004 744
359 2943 412 3004 11111
435 2942 490 3004 sub
513 2960 620 3003 uersus
642 2944 729 3004 linem
753 2961 847 3022 prope
870 2944 1040 3021 marginem.

160 3024 348 3108 Compendiis
370 3028 534 3108 scripturae
556 3027 693 3088 librarius
708 3047 769 3089 nun
785 3029 878 3088 utitur
894 3029 950 3089 nisi
966 3029 1012 3089 his
1028 3028 1159 3088 duobusz

181 3116 211 3190 1)
231 3131 302 3194 -que
331 3112 501 3192 saepissime
531 3112 571 3183 Q·
602 3112 755 3175 scribitur:
787 3113 862 3174 bled.
892 3117 964 3176 204.
994 3115 1065 3175 210.
1089 3114 1161 3174 211.

63 3168 165 3334 {g}
189 3199 262 3262 220.
289 3199 360 3261 230.
391 3199 450 3261 231
483 3199 555 3275 (ter,
583 3199 667 3259 etiam
691 3199 721 3258 iu
744 3200 803 3259 fine
826 3199 953 3272 uersus).
984 3197 1056 3260 239.
1087 3197 1160 3258 244.

62 3282 1164 3447 7411113111111113111311111111331,ῗέ..111

57 3418 150 3501 ²¹¹¹ss
171 3452 309 3524 55101111
325 3460 441 3532 quater:
466 3451 541 3514 bled.
557 3454 619 3517 208
635 3454 676 3528 (15
694 3453 752 3513 1155
768 3455 894 3528 uersus).
914 3453 986 3514 233.
1003 3453 1074 3515 698.
1090 3453 1162 3516 733.

53 3525 300 3580 &-
619 3573 621 3577 4
1274 3552 1278 3563 ,

45 3653 73 3709 h
162 3630 343 3704 ι1711155555
367 3636 462 3688 codicis
485 3637 620 3704 imaginem
644 3637 722 3688 babes
745 3636 769 3686 in
789 3634 984 3703 Zangemeisteri
1003 3641 1028 3688 el
1047 3635 1161 3688 Walter-

74 3682 177 3756 “ehrr
194 3705 325 3772 naempns
341 3705 368 3756 ra
386 3704 479 3756 anaia
498 3704 537 3757 vr.
558 3705 619 3755 vrri.
636 3705 678 3758 rr.

37 3799 82 3852 m
158 3773 183 3842 2)
203 3774 222 3823 la
240 3775 316 3826 etiam
335 3773 360 3824 in
378 3772 490 3825 Senecae
509 3773 596 3824 codice
620 3776 765 3825 constanter
787 3786 815 3823 55
841 3771 918 3822 15555
944 3771 1074 3836 scribitur,
1098 3786 1163 3838 quae

32 3823 175 3922 negiu
199 3841 232 3894 51
255 3841 277 3894 li
300 3840 397 3893 accedit
418 3856 494 3908 quam
519 3841 549 3892 ad
569 3840 590 3890 H
598 3861 603 3900 ;
626 3841 644 3891 L
667 3841 750 3891 littera
775 3856 823 3893 555
848 3839 943 3891 eminet
965 3855 1040 3906 supra
1066 3845 1163 3891 ceteras

29 3919 78 3981 ro
92 3884 205 3970 tera„
225 3913 337 3963 ceterum
355 3917 380 3961 51
397 3909 416 3960 L
434 3913 460 3961 et
477 3909 495 3960 F
513 3910 537 3959 in
557 3908 645 3960 codice
657 3911 794 3959 Annaeano
812 3908 919 3975 graciles
937 3913 1003 3960 sunt.
1033 3907 1163 3959 Ulitterae

80 3955 173 4030 Ἧι
192 3979 225 4030 ab
244 3992 274 4030 ea
292 3977 406 4045 proxime
424 3977 503 4040 abest,
523 3977 588 4044 'quae
606 3977 630 4028 15
649 3976 760 4029 Terentii
775 3975 901 4029 ,bembiuo
920 3975 1089 4042 conspicitur.

129 4051 244 4104 8555555
257 4065 382 4114 tragoediae
395 4061 423 4104 11.
953 4064 980 4117 qq
