2580 4366
455 229 600 272 nnucvnns
623 213 770 288 [onrruvs]
799 221 800 224 ’

74 383 109 437 ut
130 386 226 437 amare
249 378 343 456 possit
366 378 518 441 Hercules.
562 380 670 459 rigidas
692 398 798 443 manus

76 462 196 522 intende
219 472 247 522 et
268 481 369 524 arcum
393 463 533 526 cornibus
556 465 666 527 iunctis
688 483 767 545 para.

76 565 165 623 nunc,
189 565 271 608 nunc
293 548 426 627 sagittam
450 566 553 628 prome
575 569 631 630 qua
654 551 803 629 quondam
826 552 980 613 horridum
1100 563 1147 614 556

73 632 171 692 lovem
193 631 301 710 petisti,
324 632 449 694 fulmine
471 633 585 697 abieoto
608 635 682 696 deus

74 734 141 776 cum
163 715 261 777 fronte
284 717 381 778 subita
402 720 511 781 tumuit
533 727 562 780 et
583 719 716 782 rabidum
739 738 819 781 mare

73 809 175 862 taurus
198 802 313 881 puellae
335 810 434 862 vector
456 805 590 882 Assyriae
613 805 698 866 scidit
705 822 714 878 ;

74 885 197 948 immitte
218 904 357 959 amorem,
380 888 477 949 vincat
498 890 629 968 exempla
652 890 765 951 omnia:

72 988 170 1032 amare
193 971 284 1032 discat
307 973 474 1049 coniugem.
518 973 544 1034 si
566 993 640 1053 quas
662 974 751 1034 decor

73 1055 148 1117 loles
170 1055 278 1117 inussit
300 1059 413 1136 pectori
435 1056 582 1119 Herculeo
604 1060 693 1134 laces,

72 1141 211 1219 extingue
233 1147 318 1215 totae,
340 1141 475 1220 perbibat
497 1143 620 1204 sormam
642 1144 710 1204 mei.
818 1220 820 1224 Ι

72 1234 104 1286 tu
127 1225 332 1286 fulminantem
355 1245 442 1306 saepe
465 1227 605 1290 domuisti
629 1228 736 1302 lovem,

71 1320 104 1371 tu
127 1311 209 1370 furva
231 1311 308 1387 nigri
331 1320 447 1391 sceptra
470 1320 633 1390 gestantem
656 1312 728 1392 poli,

71 1395 174 1457 turbae
196 1395 301 1456 ducem
324 1396 442 1457 maioris
465 1404 495 1457 et
516 1398 669 1459 dominum
692 1396 800 1476 Stygis,

73 1487 168 1557 tuque
191 1498 208 1539 o
231 1498 356 1542 noverca
379 1482 494 1560 gravior
516 1482 588 1543 irata
611 1482 694 1554 deus,

71 1583 144 1644 cape
165 1565 246 1625 bunc
270 1564 453 1645 triumphum
475 1565 557 1626 solus
579 1573 609 1626 et
630 1566 714 1627 vince
734 1563 903 1626 Herculem.

70 1667 133 1709 avr.
179 1648 294 1710 Prolata
316 1649 358 1710 vis
382 1659 427 1710 est
448 1668 583 1729 quaeque
605 1649 731 1711 Palladia
754 1649 822 1710 colu

70 1734 187 1795 lassavit
209 1752 327 1795 omnem
351 1743 427 1795 texta
448 1733 624 1796 famularum
646 1751 775 1796 manum

71 1838 153 1880 nunc
175 1828 352 1898 congeratur
374 1820 454 1880 virus
477 1828 506 1880 et
527 1819 614 1880 vestis
636 1819 717 1880 bibat

70 1902 214 1965 Herculea
237 1911 367 1983 pestem;
391 1903 530 1983 precibus
552 1904 665 1981 angebo
688 1904 807 1963 malum.

70 1990 100 2050 in
125 1997 258 2067 tompore
281 1989 345 2068 ipso
370 2007 461 2050 navus
484 1990 613 2050 occurrit
635 1988 757 2049 Lichas:

71 2073 191 2134 celanda
213 2073 256 2133 vis
279 2081 323 2134 est
346 2073 418 2147 dira,
443 2093 481 2135 ne
503 2081 623 2154 pateant
645 2073 716 2133 doli.
1027 2144 1030 2148 ¹

69 2178 127 2217 nni.
180 2158 204 2218 0
229 2159 307 2237 quod
331 2158 476 2237 superbae
500 2176 561 2219 non
585 2158 694 2220 babent
715 2174 855 2235 umquam
879 2157 995 2230 domus,

69 2243 154 2303 fidele
176 2261 294 2322 semper
316 2242 436 2322 regibus
461 2262 570 2305 nomen
595 2243 695 2316 Licha,

70 2346 142 2406 cape
164 2328 218 2388 hos
241 2327 375 2398 amictus,
400 2338 500 2390 nostra
524 2346 599 2408 quos
622 2327 700 2390 nevit
722 2344 837 2402 manus,

70 2412 140 2473 dum
162 2430 251 2489 vagus
274 2413 304 2473 in
328 2412 400 2473 orbe
423 2415 516 2475 fertur
538 2420 568 2473 et
590 2414 684 2475 victus
705 2429 788 2473 mero

68 2506 151 2558 tenet
173 2497 264 2557 feroci
287 2495 406 2576 Lydiam
431 2499 542 2576 gremio
566 2516 687 2571 nurum,

69 2583 138 2643 dum
162 2582 258 2660 poscit
280 2581 371 2643 lolen.
416 2584 468 2644 sed
491 2584 574 2643 iecur
596 2584 658 2644 lors
679 2581 831 2642 borridum

68 2666 361 2727 lleotamamerendo:
387 2669 489 2728 merita
513 2668 647 2728 vicerunt
668 2667 770 2727 malos.

70 2770 130 2811 non
153 2759 221 2812 ante
244 2751 375 2811 coniunx
396 2752 499 2813 induat
520 2759 615 2812 vestes
638 2750 707 2812 iube

69 2854 157 2914 quam
179 2846 246 2897 ture
269 2836 399 2896 llammas
422 2844 521 2915 pascat
544 2846 573 2896 et
594 2837 690 2915 placet
712 2835 792 2910 deos,

69 2939 141 2980 cana
164 2921 308 2997 rigentem
332 2921 444 3000 populo
468 2921 584 2982 cinctus
608 2937 732 2980 comam.

70 3007 132 3084 ipsa
155 3005 184 3065 in
209 3012 330 3083 penates
354 3006 451 3084 regios
473 3023 594 3083 gressus
615 3005 707 3066 leram

153 3209 203 3258 556
221 3205 329 3257 condam
348 3205 380 3255 Ε,
397 3234 431 3242 -
448 3204 563 3256 horridus
582 3205 606 3256 A
659 3205 709 3256 552
729 3202 834 3252 tumuit:
855 3202 918 3253 mnit
936 3206 952 3251 t.
971 3219 1024 3252 roe.
1047 3203 1059 3252 t
1070 3202 1142 3253 mid

68 3274 153 3326 timuit
170 3277 196 3338 ς.
214 3272 379 3340 -rapidom
398 3274 422 3322 A
475 3276 524 3327 553
543 3271 679 3324 exciditE
738 3273 787 3323 555
806 3271 930 3336 coniuges
948 3271 972 3320 A
1029 3272 1078 3321 556
1097 3270 1142 3321 im·

68 3342 137 3394 misit
154 3341 219 3393 loles
237 3343 261 3392 A
313 3345 361 3393 555
381 3340 495 3393 flammas
514 3339 605 3392 meiA
662 3342 711 3393 559
730 3337 800 3389 fulva
819 3338 869 3389 uA
887 3341 994 3402 cormg
1046 3341 1142 3390 56156

67 3411 111 3477 qui
135 3425 194 3461 nov.
214 3410 237 3459 A
323 3411 373 3461 562
392 3407 462 3460 solos
485 3409 574 3460 evince
593 3408 617 3459 A
702 3409 751 3460 563
770 3406 833 3458 colis
851 3406 876 3456 n*
899 3406 970 3458 colus
988 3405 1013 3456 A
1035 3421 1104 3457 corr.
1123 3408 1143 3470 ς

67 3481 118 3530 564
130 3477 181 3528 tela
190 3480 216 3541 ς.
230 3505 263 3514 -
281 3476 422 3527 fabularum
435 3491 525 3528 manus
535 3475 560 3526 n’
577 3475 725 3527 famularem
736 3489 839 3525 manum
850 3475 874 3524 A
887 3477 1007 3524 correxit
1015 3471 1049 3524 N.
1060 3473 1141 3522 Hoa'n-

65 3549 122 3596 sr'ua
144 3545 204 3596 adv.
226 3560 251 3609 p.
270 3544 321 3595 448
338 3546 375 3608 (et
398 3544 455 3598 eod.
473 3543 557 3595 Later.
581 3543 624 3606 37,
641 3545 668 3607 6)
756 3545 804 3595 565
829 3545 998 3608 congregetur
1021 3557 1046 3593 v.
1071 3544 1100 3592 ut
1117 3540 1143 3591 A

66 3617 115 3666 565
134 3629 217 3665 novus
236 3612 260 3662 ld
278 3626 377 3678 gnavus
396 3612 420 3661 A
489 3614 537 3664 566
556 3615 643 3678 pateat
661 3611 685 3661 u
703 3613 824 3661 corrrctt
840 3609 876 3662 N.
895 3610 1019 3661 Heinsius
1037 3609 1086 3661 ts.
1106 3611 1142 3671 (ot

66 3681 124 3733 cod.
149 3682 233 3733 Lour.
251 3680 293 3747 37,
311 3680 339 3744 6)
360 3679 404 3730 illa
430 3694 461 3730 ne
484 3682 590 3747 pateant
612 3679 679 3730 mala
698 3679 722 3730 A
808 3681 857 3731 572
876 3677 963 3729 orbem
986 3676 1060 3729 codd.
1083 3693 1141 3728 aor-

66 3752 140 3801 remit
156 3748 190 3801 N.
211 3750 334 3800 Heinsius
356 3763 382 3813 p.
401 3747 453 3799 449
538 3750 588 3800 ort
608 3762 674 3800 nune
697 3762 767 3813 poso.
787 3746 819 3798 A.
837 3777 872 3784 -
894 3746 979 3798 forsan
998 3745 1021 3796 Ε
1090 3749 1140 3798 575

66 3818 83 3869 t.
108 3816 251 3870 emerendo.
274 3816 363 3868 merita
387 3815 494 3867 vincunt
517 3820 543 3866 et
566 3814 648 3867 melos
671 3816 695 3866 A
789 3817 838 3868 556
860 3818 947 3867 vestes
969 3812 1058 3866 induat
1080 3829 1140 3866 con-

65 3887 169 3936 iunxA
225 3888 273 3938 575
295 3883 320 3937 tl.
340 3889 444 3951 spargat
462 3889 488 3935 et
506 3886 595 3950 poseat
613 3882 675 3936 deos
694 3883 719 3934 A
775 3885 826 3937 558
844 3883 988 3935 vinctusA
1040 3885 1088 3935 559
1107 3881 1138 3933 ad

65 3969 123 4021 peu.
142 3955 166 4004 A

891 4034 948 4088 tu*
