2602 4380
449 242 595 287 unncvnns
611 227 739 303 [amens]

56 402 184 457 teneone
199 394 231 455 in
246 410 333 456 auras
348 395 458 457 editum
475 415 512 457 an
526 414 599 457 vana
613 395 698 457 fruor

58 480 200 559 deeeptus
214 477 340 540 umbral
364 488 436 541 tune
451 477 508 542 esl
550 499 679 560 agnoseo
695 490 776 542 toros

56 583 237 644 umerosque
253 571 281 625 et
296 564 354 625 alto
370 565 499 626 nobilem
514 573 622 627 trunoo
640 583 770 627 manum.

56 670 141 711 nune.
178 649 261 710 Vnde
276 649 341 726 iste,
358 651 485 729 genitor,
500 650 622 730 squalor
637 661 666 713 et
679 650 857 730 lugubribus

57 738 161 799 amiota
178 731 332 796 coniunx?
354 736 434 797 unde
448 744 508 798 tam
522 736 609 798 foedo
625 735 714 799 obsiti

57 821 185 901 paedore
200 816 285 880 nati?
308 838 383 899 quae
399 821 520 882 domum
535 821 632 883 clades
648 818 767 901 gravat?

56 925 143 968 inno.
181 904 274 966 Sooer
289 913 334 966 est
347 915 531 985 peremptus,
548 924 639 985 regna
653 906 786 987 possedit
799 907 907 988 Lycus,

46 1000 143 1055 ¹natos
158 1001 313 1070 parentem
328 992 485 1071 coniugem
502 991 561 1053 leto
576 991 661 1071 petit.

56 1095 141 1138 none.
178 1075 296 1154 Ingrata
311 1076 408 1152 tellus,
425 1095 512 1138 nemo
527 1076 563 1138 ad
578 1076 741 1140 Herculeae
760 1078 865 1139 domus

57 1160 164 1224 auxilia
178 1158 281 1221 venit?
302 1161 373 1222 vidit
388 1162 576 1223 hortantum
591 1163 673 1224 nelos

58 1247 198 1308 delensus
214 1243 317 1307 orbis?
332 1281 374 1292 -
390 1265 445 1308 eur
459 1246 537 1308 diem
552 1255 659 1326 questu
674 1245 762 1309 tero?

57 1339 203 1393 mactetur
216 1330 322 1407 hostia,
337 1332 415 1401 hano
430 1332 504 1393 lerat
517 1333 611 1394 virtus
628 1342 729 1394 notam

56 1419 167 1495 fiatque
183 1433 317 1476 summus
331 1416 425 1478 bostis
440 1417 559 1478 Aloidae
573 1417 680 1498 Lycus.

58 1503 94 1566 ad
109 1501 306 1563 hauriendum
321 1500 497 1580 sanguinem
513 1503 666 1564 inimicum
680 1503 771 1577 feror,

58 1587 194 1661 Theseu3
211 1586 325 1663 resiste,
341 1605 380 1648 ne
396 1587 510 1667 quavis
526 1586 624 1648 subita
639 1587 767 1666 ingruat.

57 1692 106 1734 me
121 1671 198 1732 bella
211 1678 351 1751 poscunt,
367 1671 453 1733 diller
467 1673 629 1752 amplexus,
647 1690 765 1751 parens,

59 1756 251 1836 coniunxque
267 1755 361 1818 differ.
392 1757 511 1819 nuntiet
525 1756 584 1818 Diti
598 1756 695 1836 Lycus

57 1861 105 1904 me
120 1843 178 1903 iam
196 1842 319 1903 redisse.

324 1959 498 2021 THESEUS

389 2061 529 2124 Flebilem
545 2080 581 2122 ex
596 2060 691 2123 oeulis
705 2061 785 2138 fuga,

58 2149 173 2226 regina,
189 2146 312 2223 vultum,
327 2156 421 2225 tuque
437 2157 506 2209 nato
521 2145 634 2226 sospite

59 2234 195 2295 lacrimas
210 2233 348 2294 cadentes
363 2231 509 2312 reprime:
533 2232 558 2292 si
574 2230 643 2292 nori
657 2229 825 2302 Herculem,

59 2319 158 2400 Lyeus
175 2317 294 2379 Creonti
309 2316 421 2379 debitas
441 2336 553 2397 poenas
568 2314 656 2379 dabit.

34 2470 40 2478 „
60 2404 175 2466 lentum
191 2413 236 2464 est
253 2399 346 2462 dabit:
365 2403 429 2477 dat;
445 2403 503 2464 boo
518 2420 639 2481 quoque
655 2408 699 2463 est
713 2400 842 2462 lentum:
867 2397 955 2460 dedit.

59 2508 146 2551 turn.
184 2488 292 2547 Votum
307 2487 452 2548 secundet
465 2487 516 2568 qui
532 2494 631 2567 potest
646 2495 782 2548 nostrum
797 2484 871 2546 deus

59 2574 210 2651 rebusque
225 2572 315 2651 lapsis
330 2571 414 2633 adsit.
453 2573 477 2634 Ο
493 2571 593 2651 magni
608 2589 707 2632 eomes

60 2658 248 2738 magnanime
264 2657 335 2733 nati,
351 2657 449 2736 pande
463 2657 605 2719 virtutum
623 2656 768 2732 ordinem,

61 2763 150 2825 quam
165 2743 253 2821 longa
268 2750 394 2803 maestos
410 2743 498 2804 dueat
513 2742 548 2803 ad
564 2759 668 2803 manes
682 2741 738 2816 via,

60 2842 95 2894 ut
109 2828 205 2890 vinela
220 2825 322 2888 tulerit
336 2827 409 2888 dura
424 2827 583 2889 Tartareus
599 2826 690 2888 oanis.

61 2934 143 2978 rans.
173 2913 337 2974 Memorare
351 2913 434 2990 cogis
448 2919 512 2973 aeta
529 2929 652 2973 seeurae
668 2928 788 2992 quoque

60 2998 210 3063 horrenda
224 2997 328 3059 menti.
357 2996 405 3057 vin
419 2997 515 3059 adhue
531 3005 610 3058 eerta
626 3003 670 3058 est
682 2996 756 3058 fides

61 3085 157 3149 vitalis
172 3101 271 3158 aurae,
287 3089 386 3162 torpet
400 3083 478 3144 acies
495 3082 643 3144 luminum

62 3171 244 3246 hebetesque
258 3168 339 3229 visus
353 3168 400 3229 vix
415 3168 492 3229 diem
508 3168 659 3229 insuetum
675 3167 784 3228 lerunt.

62 3274 149 3319 turn.
179 3252 332 3327 Perviuee‚
347 3252 476 3327 Theseu,
491 3251 636 3331 quidquid
651 3252 709 3313 alto
725 3250 756 3310 in
771 3255 893 3328 pectore

61 3345 195 3405 remanet
209 3337 326 3418 pavoris
342 3356 416 3398 neve
431 3346 460 3398 te
474 3337 573 3398 lruotu
589 3335 701 3415 optimo

61 3426 165 3489 frauda
179 3422 331 3485 laborum:
355 3439 431 3500 quae
445 3421 503 3482 suit
517 3422 625 3482 durum
641 3420 712 3500 pati,

62 3509 233 3575 meminisse
249 3507 336 3569 duloe
351 3514 405 3568 est.
436 3507 497 3568 lare
513 3524 599 3568 oasus
614 3505 761 3567 horridos.

150 3782 199 3833 623
217 3792 340 3830 verumne
352 3792 428 3831 cerno
441 3791 535 3843 eorpus
545 3789 578 3826 an
589 3772 664 3825 lallor
674 3775 718 3825 tna
734 3773 738 3840 Ι
754 3771 876 3839 deeeptus
888 3771 997 3823 umbrat
1015 3771 1039 3821 Α
1090 3773 1141 3824 634

63 3852 188 3901 mactetur
199 3847 280 3899 bostis
293 3845 370 3900 codd.
380 3849 497 3897 correxi.
506 3872 541 3882 -
550 3843 615 3894 liano
626 3858 711 3908 usque
724 3841 761 3892 ad
773 3843 823 3894 636
833 3839 900 3892 leror
914 3837 1011 3891 Theseo
1025 3839 1107 3888 datur
1116 3839 1141 3890 A

64 3920 114 3970 646
132 3915 207 3968 lassis
224 3914 249 3965 Ε
301 3918 350 3969 661
369 3917 452 3968 certa:
471 3929 486 3966 a
504 3929 539 3965 eo
551 3926 565 3964 e
578 3913 594 3962 1
603 3926 637 3962 m.
648 3909 674 3960 u
725 3913 776 3964 654
793 3906 1042 3978 pervincetE.—in
1056 3906 1141 3957 oauA

65 3988 115 4039 655
132 3986 237 4052 postte
255 3983 387 4036 raa1b't.
405 3982 430 4034 u
