<?xml version="1.0" encoding="UTF-8"?>
<!DOCTYPE html PUBLIC "-//W3C//DTD XHTML 1.0 Transitional//EN"
    "http://www.w3.org/TR/xhtml1/DTD/xhtml1-transitional.dtd">
<html xmlns="http://www.w3.org/1999/xhtml" xml:lang="en" lang="en">
 <head>
  <title>
</title>
<meta http-equiv="Content-Type" content="text/html;charset=utf-8" />
  <meta name='ocr-system' content='tesseract 3.04.00' />
  <meta name='ocr-capabilities' content='ocr_page ocr_carea ocr_par ocr_line ocrx_word'/>
</head>
<body>
  <div class='ocr_page' id='page_1' title='image "./tragoediae00leogoog_0342.png"; bbox 0 0 2580 4366; ppageno 0'>
   <div class='ocr_carea' id='block_1_1' title="bbox 595 223 723 265">
    <p class='ocr_par' dir='ltr' id='par_1_1' title="bbox 595 223 723 265">
     <span class='ocr_line' id='line_1_1' title="bbox 595 223 723 265; baseline 0.008 -1"><span class='ocrx_word' id='word_1_1' title='bbox 595 223 723 265; x_wconf 74' lang='lat' dir='ltr'><strong>ructuas</strong></span> 
     </span>
    </p>
   </div>
   <div class='ocr_carea' id='block_1_2' title="bbox 113 372 1101 2158">
    <p class='ocr_par' dir='ltr' id='par_1_2' title="bbox 116 372 852 456">
     <span class='ocr_line' id='line_1_2' title="bbox 116 372 852 456; baseline -0.003 -19"><span class='ocrx_word' id='word_1_2' title='bbox 116 384 225 456; x_wconf 81' lang='lat' dir='ltr'>gentes</span> <span class='ocrx_word' id='word_1_3' title='bbox 247 392 301 453; x_wconf 89' lang='lat' dir='ltr'><strong>per</strong></span> <span class='ocrx_word' id='word_1_4' title='bbox 323 390 427 434; x_wconf 91' lang='lat' dir='ltr'><strong>omnes</strong></span> <span class='ocrx_word' id='word_1_5' title='bbox 449 372 526 435; x_wconf 89' lang='lat' dir='ltr'><strong>clara</strong></span> <span class='ocrx_word' id='word_1_6' title='bbox 548 382 578 435; x_wconf 86' lang='lat' dir='ltr'><strong>et</strong></span> <span class='ocrx_word' id='word_1_7' title='bbox 599 373 725 437; x_wconf 83' lang='lat' dir='ltr'><strong>invidiae</strong></span> <span class='ocrx_word' id='word_1_8' title='bbox 747 375 852 455; x_wconf 84' lang='lat' dir='ltr'><strong>gravis,</strong></span> 
     </span>
    </p>

    <p class='ocr_par' dir='ltr' id='par_1_3' title="bbox 116 457 963 794">
     <span class='ocr_line' id='line_1_3' title="bbox 120 457 893 540; baseline -0.001 -17"><span class='ocrx_word' id='word_1_9' title='bbox 120 480 204 523; x_wconf 88' lang='lat' dir='ltr'><strong>nunc</strong></span> <span class='ocrx_word' id='word_1_10' title='bbox 226 457 322 540; x_wconf 85' lang='lat' dir='ltr'><strong>pulvis</strong></span> <span class='ocrx_word' id='word_1_11' title='bbox 345 457 431 534; x_wconf 90' lang='lat' dir='ltr'><strong>altus,</strong></span> <span class='ocrx_word' id='word_1_12' title='bbox 454 466 543 521; x_wconf 90' lang='lat' dir='ltr'><strong>strata</strong></span> <span class='ocrx_word' id='word_1_13' title='bbox 566 467 637 520; x_wconf 88' lang='lat' dir='ltr'><strong>sunt</strong></span> <span class='ocrx_word' id='word_1_14' title='bbox 657 460 771 523; x_wconf 88' lang='lat' dir='ltr'><strong>flamma</strong></span> <span class='ocrx_word' id='word_1_15' title='bbox 794 461 893 522; x_wconf 89' lang='lat' dir='ltr'><strong>omnia</strong></span> 
     </span>
     <span class='ocr_line' id='line_1_4' title="bbox 116 543 918 627; baseline 0 -19"><span class='ocrx_word' id='word_1_16' title='bbox 116 552 315 627; x_wconf 82' lang='lat' dir='ltr'><strong>superestque</strong></span> <span class='ocrx_word' id='word_1_17' title='bbox 337 551 416 605; x_wconf 91' lang='lat' dir='ltr'><strong>vasta</strong></span> <span class='ocrx_word' id='word_1_18' title='bbox 439 562 473 604; x_wconf 86' lang='lat' dir='ltr'><strong>ex</strong></span> <span class='ocrx_word' id='word_1_19' title='bbox 495 543 569 604; x_wconf 90' lang='lat' dir='ltr'><strong>urbe</strong></span> <span class='ocrx_word' id='word_1_20' title='bbox 592 563 630 606; x_wconf 87' lang='lat' dir='ltr'><strong>ue</strong></span> <span class='ocrx_word' id='word_1_21' title='bbox 652 553 765 606; x_wconf 89' lang='lat' dir='ltr'><strong>tantum</strong></span> <span class='ocrx_word' id='word_1_22' title='bbox 789 547 918 626; x_wconf 91' lang='lat' dir='ltr'><strong>quidem,</strong></span> 
     </span>
     <span class='ocr_line' id='line_1_5' title="bbox 118 628 963 712; baseline -0.001 -19"><span class='ocrx_word' id='word_1_23' title='bbox 118 650 180 712; x_wconf 90' lang='lat' dir='ltr'><strong>quo</strong></span> <span class='ocrx_word' id='word_1_24' title='bbox 203 632 290 692; x_wconf 90' lang='lat' dir='ltr'><strong>lateat</strong></span> <span class='ocrx_word' id='word_1_25' title='bbox 310 628 472 690; x_wconf 83' lang='lat' dir='ltr'><strong>infads—</strong></span> <span class='ocrx_word' id='word_1_26' title='bbox 496 647 585 709; x_wconf 92' lang='lat' dir='ltr'><strong>quem</strong></span> <span class='ocrx_word' id='word_1_27' title='bbox 607 629 705 691; x_wconf 89' lang='lat' dir='ltr'><strong>locum</strong></span> <span class='ocrx_word' id='word_1_28' title='bbox 727 630 824 691; x_wconf 84' lang='lat' dir='ltr'><strong>fraudi</strong></span> <span class='ocrx_word' id='word_1_29' title='bbox 845 630 963 711; x_wconf 76' lang='lat' dir='ltr'><strong>legam?</strong></span> 
     </span>
     <span class='ocr_line' id='line_1_6' title="bbox 117 714 802 812; baseline -0.003 -33"><span class='ocrx_word' id='word_1_30' title='bbox 117 725 164 779; x_wconf 90' lang='lat' dir='ltr'><strong>est</strong></span> <span class='ocrx_word' id='word_1_31' title='bbox 185 714 347 778; x_wconf 93' lang='lat' dir='ltr'><strong>tumulus</strong></span> <span class='ocrx_word' id='word_1_32' title='bbox 340 733 446 793; x_wconf 82' lang='lat' dir='ltr'><strong>iugens</strong></span> <span class='ocrx_word' id='word_1_33' title='bbox 469 715 617 812; x_wconf 79' lang='lat' dir='ltr'><strong>coniugis</strong></span> <span class='ocrx_word' id='word_1_34' title='bbox 626 717 687 776; x_wconf 90' lang='lat' dir='ltr'><strong>cari</strong></span> <span class='ocrx_word' id='word_1_35' title='bbox 710 734 802 794; x_wconf 85' lang='lat' dir='ltr'><strong>sacer,</strong></span> 
     </span>
    </p>

    <p class='ocr_par' dir='ltr' id='par_1_4' title="bbox 117 792 883 967">
     <span class='ocr_line' id='line_1_7' title="bbox 117 792 883 882; baseline 0.003 -21"><span class='ocrx_word' id='word_1_36' title='bbox 117 801 265 863; x_wconf 87' lang='lat' dir='ltr'><strong>verendus</strong></span> <span class='ocrx_word' id='word_1_37' title='bbox 287 799 375 875; x_wconf 91' lang='lat' dir='ltr'><strong>hosti,</strong></span> <span class='ocrx_word' id='word_1_38' title='bbox 397 792 478 861; x_wconf 88' lang='lat' dir='ltr'><strong>male</strong></span> <span class='ocrx_word' id='word_1_39' title='bbox 498 818 587 879; x_wconf 91' lang='lat' dir='ltr'><strong>quem</strong></span> <span class='ocrx_word' id='word_1_40' title='bbox 610 800 752 863; x_wconf 89' lang='lat' dir='ltr'><strong>immensa</strong></span> <span class='ocrx_word' id='word_1_41' title='bbox 774 819 883 882; x_wconf 91' lang='lat' dir='ltr'><strong>pareus</strong></span> 
     </span>
     <span class='ocr_line' id='line_1_8' title="bbox 117 884 832 967; baseline 0 -19"><span class='ocrx_word' id='word_1_42' title='bbox 117 887 286 967; x_wconf 86' lang='lat' dir='ltr'><strong>opibusque</strong></span> <span class='ocrx_word' id='word_1_43' title='bbox 308 884 423 964; x_wconf 82' lang='lat' dir='ltr'><strong>magnis</strong></span> <span class='ocrx_word' id='word_1_44' title='bbox 445 886 562 962; x_wconf 75' lang='lat' dir='ltr'><strong>struxit,</strong></span> <span class='ocrx_word' id='word_1_45' title='bbox 585 885 616 947; x_wconf 87' lang='lat' dir='ltr'><strong>in</strong></span> <span class='ocrx_word' id='word_1_46' title='bbox 639 886 738 948; x_wconf 89' lang='lat' dir='ltr'><strong>luctus</strong></span> <span class='ocrx_word' id='word_1_47' title='bbox 760 905 832 948; x_wconf 90' lang='lat' dir='ltr'><strong>suos</strong></span> 
     </span>
    </p>

    <p class='ocr_par' dir='ltr' id='par_1_5' title="bbox 117 970 841 1052">
     <span class='ocr_line' id='line_1_9' title="bbox 117 970 841 1052; baseline -0.001 -19"><span class='ocrx_word' id='word_1_48' title='bbox 117 991 171 1033; x_wconf 80' lang='lat' dir='ltr'><strong>rex</strong></span> <span class='ocrx_word' id='word_1_49' title='bbox 192 990 254 1032; x_wconf 88' lang='lat' dir='ltr'><strong>non</strong></span> <span class='ocrx_word' id='word_1_50' title='bbox 276 988 394 1031; x_wconf 88' lang='lat' dir='ltr'><strong>avarus:</strong></span> <span class='ocrx_word' id='word_1_51' title='bbox 426 970 537 1051; x_wconf 88' lang='lat' dir='ltr'><strong>optime</strong></span> <span class='ocrx_word' id='word_1_52' title='bbox 559 971 676 1033; x_wconf 87' lang='lat' dir='ltr'><strong>credam</strong></span> <span class='ocrx_word' id='word_1_53' title='bbox 698 972 774 1052; x_wconf 91' lang='lat' dir='ltr'><strong>patri</strong></span> <span class='ocrx_word' id='word_1_54' title='bbox 800 1007 841 1018; x_wconf 93' lang='lat'><em>-</em></span> 
     </span>
    </p>

    <p class='ocr_par' dir='ltr' id='par_1_6' title="bbox 117 1055 749 1136">
     <span class='ocr_line' id='line_1_10' title="bbox 117 1055 749 1136; baseline -0.005 -17"><span class='ocrx_word' id='word_1_55' title='bbox 117 1057 210 1119; x_wconf 90' lang='lat' dir='ltr'><strong>sudor</strong></span> <span class='ocrx_word' id='word_1_56' title='bbox 232 1074 286 1136; x_wconf 91' lang='lat' dir='ltr'><strong>per</strong></span> <span class='ocrx_word' id='word_1_57' title='bbox 307 1064 388 1117; x_wconf 87' lang='lat' dir='ltr'><strong>artus</strong></span> <span class='ocrx_word' id='word_1_58' title='bbox 410 1055 536 1135; x_wconf 80' lang='lat' dir='ltr'><strong>frigidus</strong></span> <span class='ocrx_word' id='word_1_59' title='bbox 558 1064 636 1118; x_wconf 90' lang='lat' dir='ltr'><strong>totos</strong></span> <span class='ocrx_word' id='word_1_60' title='bbox 658 1056 749 1117; x_wconf 86' lang='lat' dir='ltr'><strong>eadit:</strong></span> 
     </span>
    </p>

    <p class='ocr_par' dir='ltr' id='par_1_7' title="bbox 117 1140 714 1204">
     <span class='ocr_line' id='line_1_11' title="bbox 117 1140 714 1204; baseline -0.003 0"><span class='ocrx_word' id='word_1_61' title='bbox 117 1161 205 1204; x_wconf 89' lang='lat' dir='ltr'><strong>omen</strong></span> <span class='ocrx_word' id='word_1_62' title='bbox 228 1149 374 1202; x_wconf 78' lang='lat' dir='ltr'><strong>tremesco</strong></span> <span class='ocrx_word' id='word_1_63' title='bbox 396 1141 503 1202; x_wconf 90' lang='lat' dir='ltr'><strong>misera</strong></span> <span class='ocrx_word' id='word_1_64' title='bbox 526 1140 625 1204; x_wconf 84' lang='lat' dir='ltr'><strong>ieratis</strong></span> <span class='ocrx_word' id='word_1_65' title='bbox 647 1141 714 1203; x_wconf 90' lang='lat' dir='ltr'><strong>loci.</strong></span> 
     </span>
    </p>

    <p class='ocr_par' dir='ltr' id='par_1_8' title="bbox 115 1225 1101 1631">
     <span class='ocr_line' id='line_1_12' title="bbox 117 1225 905 1306; baseline -0.003 -18"><span class='ocrx_word' id='word_1_66' title='bbox 117 1246 181 1289; x_wconf 80' lang='lat' dir='ltr'><strong>sau.</strong></span> <span class='ocrx_word' id='word_1_67' title='bbox 225 1226 315 1288; x_wconf 84' lang='lat' dir='ltr'><strong>Miser</strong></span> <span class='ocrx_word' id='word_1_68' title='bbox 336 1234 463 1306; x_wconf 89' lang='lat' dir='ltr'><strong>occupet</strong></span> <span class='ocrx_word' id='word_1_69' title='bbox 484 1225 639 1305; x_wconf 86' lang='lat' dir='ltr'><strong>praesidia,</strong></span> <span class='ocrx_word' id='word_1_70' title='bbox 666 1245 791 1289; x_wconf 89' lang='lat' dir='ltr'><strong>securus</strong></span> <span class='ocrx_word' id='word_1_71' title='bbox 813 1226 905 1306; x_wconf 80' lang='lat' dir='ltr'><strong>legat..</strong></span> 
     </span>
     <span class='ocr_line' id='line_1_13' title="bbox 115 1311 975 1392; baseline 0 -18"><span class='ocrx_word' id='word_1_72' title='bbox 115 1332 202 1374; x_wconf 81' lang='lat' dir='ltr'><strong>auur.</strong></span> <span class='ocrx_word' id='word_1_73' title='bbox 226 1311 302 1383; x_wconf 87' lang='lat' dir='ltr'><strong>Quid</strong></span> <span class='ocrx_word' id='word_1_74' title='bbox 326 1311 406 1390; x_wconf 93' lang='lat' dir='ltr'><strong>quod</strong></span> <span class='ocrx_word' id='word_1_75' title='bbox 428 1311 517 1372; x_wconf 86' lang='lat' dir='ltr'><strong>tatere</strong></span> <span class='ocrx_word' id='word_1_76' title='bbox 540 1311 604 1374; x_wconf 88' lang='lat' dir='ltr'><strong>sine</strong></span> <span class='ocrx_word' id='word_1_77' title='bbox 627 1321 707 1373; x_wconf 92' lang='lat' dir='ltr'><strong>metu</strong></span> <span class='ocrx_word' id='word_1_78' title='bbox 730 1330 837 1391; x_wconf 81' lang='lat' dir='ltr'><strong>magno</strong></span> <span class='ocrx_word' id='word_1_79' title='bbox 861 1313 975 1392; x_wconf 87' lang='lat' dir='ltr'><strong>nequit,</strong></span> 
     </span>
     <span class='ocr_line' id='line_1_14' title="bbox 116 1393 920 1477; baseline -0.001 -17"><span class='ocrx_word' id='word_1_80' title='bbox 116 1418 155 1460; x_wconf 90' lang='lat' dir='ltr'><strong>ue</strong></span> <span class='ocrx_word' id='word_1_81' title='bbox 178 1398 283 1477; x_wconf 90' lang='lat' dir='ltr'><strong>prodat</strong></span> <span class='ocrx_word' id='word_1_82' title='bbox 304 1393 435 1474; x_wconf 76' lang='lat' dir='ltr'><strong>aliquis?</strong></span> <span class='ocrx_word' id='word_1_83' title='bbox 501 1415 563 1457; x_wconf 82' lang='lat' dir='ltr'><strong>scu.</strong></span> <span class='ocrx_word' id='word_1_84' title='bbox 595 1399 718 1458; x_wconf 78' lang='lat' dir='ltr'><strong>&#39;Amore</strong></span> <span class='ocrx_word' id='word_1_85' title='bbox 739 1405 829 1458; x_wconf 92' lang='lat' dir='ltr'><strong>testes</strong></span> <span class='ocrx_word' id='word_1_86' title='bbox 852 1396 920 1459; x_wconf 85' lang='lat' dir='ltr'><strong>doli.</strong></span> 
     </span>
     <span class='ocr_line' id='line_1_15' title="bbox 115 1479 1101 1563; baseline -0.001 -18"><span class='ocrx_word' id='word_1_87' title='bbox 115 1502 201 1546; x_wconf 81' lang='grc' dir='ltr'><strong>ιιιιιι.</strong></span> <span class='ocrx_word' id='word_1_88' title='bbox 246 1482 277 1542; x_wconf 90' lang='lat' dir='ltr'><strong>Si</strong></span> <span class='ocrx_word' id='word_1_89' title='bbox 301 1491 422 1560; x_wconf 78' lang='lat' dir='ltr'><strong>quaeret</strong></span> <span class='ocrx_word' id='word_1_90' title='bbox 443 1479 562 1543; x_wconf 78' lang='lat' dir='ltr'><strong>hostis?</strong></span> <span class='ocrx_word' id='word_1_91' title='bbox 627 1501 689 1544; x_wconf 80' lang='lat' dir='ltr'><strong>sim.</strong></span> <span class='ocrx_word' id='word_1_92' title='bbox 733 1481 811 1543; x_wconf 89' lang='lat' dir='ltr'><strong>Vrbe</strong></span> <span class='ocrx_word' id='word_1_93' title='bbox 833 1482 864 1542; x_wconf 86' lang='lat' dir='ltr'><strong>iu</strong></span> <span class='ocrx_word' id='word_1_94' title='bbox 888 1501 987 1545; x_wconf 88' lang='lat' dir='ltr'><strong>eversa</strong></span> <span class='ocrx_word' id='word_1_95' title='bbox 1009 1484 1101 1563; x_wconf 71' lang='lat' dir='ltr'><strong>perita</strong></span> 
     </span>
     <span class='ocr_line' id='line_1_16' title="bbox 116 1566 843 1639; baseline -0.006 -8"><span class='ocrx_word' id='word_1_96' title='bbox 116 1571 189 1631; x_wconf 89' lang='lat' dir='ltr'><strong>haec</strong></span> <span class='ocrx_word' id='word_1_97' title='bbox 212 1585 300 1629; x_wconf 90' lang='lat' dir='ltr'><strong>causa</strong></span> <span class='ocrx_word' id='word_1_98' title='bbox 321 1567 431 1627; x_wconf 87' lang='lat' dir='ltr'><strong>multos</strong></span> <span class='ocrx_word' id='word_1_99' title='bbox 453 1585 513 1627; x_wconf 91' lang='lat' dir='ltr'><strong>uua</strong></span> <span class='ocrx_word' id='word_1_100' title='bbox 535 1567 572 1627; x_wconf 92' lang='lat' dir='ltr'><strong>ab</strong></span> <span class='ocrx_word' id='word_1_101' title='bbox 595 1566 717 1628; x_wconf 88' lang='lat' dir='ltr'><strong>interitu</strong></span> <span class='ocrx_word' id='word_1_102' title='bbox 739 1567 843 1639; x_wconf 82' lang='lat' dir='ltr'><strong>arcuit,</strong></span> 
     </span>
    </p>

    <p class='ocr_par' dir='ltr' id='par_1_9' title="bbox 114 1651 1054 1819">
     <span class='ocr_line' id='line_1_17' title="bbox 115 1651 1054 1735; baseline -0.003 -18"><span class='ocrx_word' id='word_1_103' title='bbox 115 1653 196 1717; x_wconf 88' lang='lat' dir='ltr'><strong>credi</strong></span> <span class='ocrx_word' id='word_1_104' title='bbox 218 1651 341 1733; x_wconf 91' lang='lat' dir='ltr'><strong>perisse.</strong></span> <span class='ocrx_word' id='word_1_105' title='bbox 407 1669 491 1712; x_wconf 77' lang='lat' dir='ltr'><strong>unca.</strong></span> <span class='ocrx_word' id='word_1_106' title='bbox 536 1651 590 1712; x_wconf 85' lang='lat' dir='ltr'><strong>Vix</strong></span> <span class='ocrx_word' id='word_1_107' title='bbox 613 1653 677 1732; x_wconf 89' lang='lat' dir='ltr'><strong>spei</strong></span> <span class='ocrx_word' id='word_1_108' title='bbox 700 1653 859 1732; x_wconf 89' lang='lat' dir='ltr'><strong>quicquam</strong></span> <span class='ocrx_word' id='word_1_109' title='bbox 882 1662 927 1714; x_wconf 90' lang='lat' dir='ltr'><strong>est</strong></span> <span class='ocrx_word' id='word_1_110' title='bbox 947 1672 1054 1735; x_wconf 77' lang='lat' dir='ltr'><strong>supera</strong></span> 
     </span>
     <span class='ocr_line' id='line_1_18' title="bbox 114 1736 882 1828; baseline -0.003 -28"><span class='ocrx_word' id='word_1_111' title='bbox 114 1757 201 1819; x_wconf 80' lang='lat' dir='ltr'><strong>grave</strong></span> <span class='ocrx_word' id='word_1_112' title='bbox 223 1736 342 1818; x_wconf 91' lang='lat' dir='ltr'><strong>pondus</strong></span> <span class='ocrx_word' id='word_1_113' title='bbox 365 1736 448 1797; x_wconf 88' lang='lat' dir='ltr'><strong>illum</strong></span> <span class='ocrx_word' id='word_1_114' title='bbox 471 1753 576 1816; x_wconf 81' lang='lat' dir='ltr'><strong>magna</strong></span> <span class='ocrx_word' id='word_1_115' title='bbox 599 1737 737 1799; x_wconf 75' lang='lat' dir='ltr'><strong>nobilitas</strong></span> <span class='ocrx_word' id='word_1_116' title='bbox 760 1739 882 1828; x_wconf 89' lang='lat' dir='ltr'><strong>premit;</strong></span> 
     </span>
    </p>

    <p class='ocr_par' dir='ltr' id='par_1_10' title="bbox 115 1815 846 1905">
     <span class='ocr_line' id='line_1_19' title="bbox 115 1815 846 1905; baseline -0.001 -21"><span class='ocrx_word' id='word_1_117' title='bbox 115 1823 188 1905; x_wconf 95' lang='lat' dir='ltr'><strong>quid</strong></span> <span class='ocrx_word' id='word_1_118' title='bbox 211 1821 343 1904; x_wconf 87' lang='lat' dir='ltr'><strong>proderit</strong></span> <span class='ocrx_word' id='word_1_119' title='bbox 364 1821 485 1883; x_wconf 88' lang='lat' dir='ltr'><strong>latuisse</strong></span> <span class='ocrx_word' id='word_1_120' title='bbox 507 1821 670 1883; x_wconf 86' lang='lat' dir='ltr'><strong>redituro</strong></span> <span class='ocrx_word' id='word_1_121' title='bbox 663 1842 695 1883; x_wconf 90' lang='grc' dir='ltr'><strong>ιιι</strong></span> <span class='ocrx_word' id='word_1_122' title='bbox 718 1815 846 1890; x_wconf 74' lang='lat' dir='ltr'><strong>marius?</strong></span> 
     </span>
    </p>

    <p class='ocr_par' dir='ltr' id='par_1_11' title="bbox 113 1907 939 2158">
     <span class='ocr_line' id='line_1_20' title="bbox 114 1907 939 2003; baseline -0.008 -33"><span class='ocrx_word' id='word_1_123' title='bbox 114 1928 177 1971; x_wconf 81' lang='lat' dir='ltr'><strong>sun.</strong></span> <span class='ocrx_word' id='word_1_124' title='bbox 221 1907 321 1968; x_wconf 90' lang='lat' dir='ltr'><strong>Victor</strong></span> <span class='ocrx_word' id='word_1_125' title='bbox 344 1907 459 1969; x_wconf 83' lang='lat' dir='ltr'><strong>feroces</strong></span> <span class='ocrx_word' id='word_1_126' title='bbox 481 1907 610 1986; x_wconf 85' lang='lat' dir='ltr'><strong>impetus</strong></span> <span class='ocrx_word' id='word_1_127' title='bbox 633 1907 746 2003; x_wconf 88' lang='lat' dir='ltr'><strong>primos</strong></span> <span class='ocrx_word' id='word_1_128' title='bbox 768 1907 865 1969; x_wconf 90' lang='lat' dir='ltr'><strong>habet.</strong></span> <span class='ocrx_word' id='word_1_129' title='bbox 934 1955 939 1963; x_wconf 94' lang='lat'><em>.</em></span> 
     </span>
     <span class='ocr_line' id='line_1_21' title="bbox 113 1992 918 2071; baseline 0 -17"><span class='ocrx_word' id='word_1_130' title='bbox 113 2012 199 2056; x_wconf 79' lang='lat' dir='ltr'><strong>anua.</strong></span> <span class='ocrx_word' id='word_1_131' title='bbox 222 1992 295 2064; x_wconf 86' lang='lat' dir='ltr'><strong>Quis</strong></span> <span class='ocrx_word' id='word_1_132' title='bbox 318 1992 462 2070; x_wconf 75' lang='lat' dir='ltr'><strong>temous,</strong></span> <span class='ocrx_word' id='word_1_133' title='bbox 486 2011 561 2071; x_wconf 89' lang='lat' dir='ltr'><strong>quae</strong></span> <span class='ocrx_word' id='word_1_134' title='bbox 584 1993 665 2071; x_wconf 77' lang='lat' dir='ltr'><strong>regio</strong></span> <span class='ocrx_word' id='word_1_135' title='bbox 688 1993 848 2067; x_wconf 89' lang='lat' dir='ltr'><strong>seducta,</strong></span> <span class='ocrx_word' id='word_1_136' title='bbox 841 1993 918 2054; x_wconf 88' lang='lat' dir='ltr'><strong>mvia</strong></span> 
     </span>
     <span class='ocr_line' id='line_1_22' title="bbox 113 2074 922 2158; baseline -0.002 -16"><span class='ocrx_word' id='word_1_137' title='bbox 113 2086 176 2142; x_wconf 92' lang='lat' dir='ltr'><strong>tuto</strong></span> <span class='ocrx_word' id='word_1_138' title='bbox 199 2074 348 2158; x_wconf 76' lang='lat' dir='ltr'><strong>reponet?</strong></span> <span class='ocrx_word' id='word_1_139' title='bbox 378 2077 445 2156; x_wconf 89' lang='lat' dir='ltr'><strong>quis</strong></span> <span class='ocrx_word' id='word_1_140' title='bbox 467 2078 542 2139; x_wconf 85' lang='lat' dir='ltr'><strong>feret</strong></span> <span class='ocrx_word' id='word_1_141' title='bbox 564 2077 687 2157; x_wconf 83' lang='lat' dir='ltr'><strong>trepidis</strong></span> <span class='ocrx_word' id='word_1_142' title='bbox 709 2077 821 2158; x_wconf 77' lang='lat' dir='ltr'><strong>opem?</strong></span> <span class='ocrx_word' id='word_1_143' title='bbox 916 2076 922 2086; x_wconf 85' lang='grc'>’</span> 
     </span>
    </p>
   </div>
   <div class='ocr_carea' id='block_1_3' title="bbox 111 2158 905 2670">
    <p class='ocr_par' dir='ltr' id='par_1_12' title="bbox 112 2158 905 2329">
     <span class='ocr_line' id='line_1_23' title="bbox 114 2158 905 2244; baseline -0.001 -19"><span class='ocrx_word' id='word_1_144' title='bbox 114 2164 181 2244; x_wconf 90' lang='lat' dir='ltr'><strong>quis</strong></span> <span class='ocrx_word' id='word_1_145' title='bbox 203 2158 361 2243; x_wconf 79' lang='lat' dir='ltr'><strong>proteget?</strong></span> <span class='ocrx_word' id='word_1_146' title='bbox 389 2161 440 2241; x_wconf 94' lang='lat' dir='ltr'><strong>qui</strong></span> <span class='ocrx_word' id='word_1_147' title='bbox 464 2181 591 2242; x_wconf 87' lang='lat' dir='ltr'><strong>semper,</strong></span> <span class='ocrx_word' id='word_1_148' title='bbox 615 2164 700 2224; x_wconf 89' lang='lat' dir='ltr'><strong>etiam</strong></span> <span class='ocrx_word' id='word_1_149' title='bbox 725 2182 806 2224; x_wconf 90' lang='lat' dir='ltr'><strong>nunc</strong></span> <span class='ocrx_word' id='word_1_150' title='bbox 828 2172 905 2239; x_wconf 92' lang='lat' dir='ltr'><strong>tuos,</strong></span> 
     </span>
     <span class='ocr_line' id='line_1_24' title="bbox 112 2247 745 2329; baseline 0 -19"><span class='ocrx_word' id='word_1_151' title='bbox 112 2249 232 2324; x_wconf 87' lang='lat' dir='ltr'><strong>Hector,</strong></span> <span class='ocrx_word' id='word_1_152' title='bbox 256 2256 355 2309; x_wconf 89' lang='lat' dir='ltr'><strong>tuere:</strong></span> <span class='ocrx_word' id='word_1_153' title='bbox 386 2247 521 2326; x_wconf 84' lang='lat' dir='ltr'><strong>coniugis</strong></span> <span class='ocrx_word' id='word_1_154' title='bbox 545 2248 656 2310; x_wconf 83' lang='lat' dir='ltr'><strong>furtum</strong></span> <span class='ocrx_word' id='word_1_155' title='bbox 679 2249 745 2329; x_wconf 89' lang='lat' dir='ltr'><strong>piae</strong></span> 
     </span>
    </p>

    <p class='ocr_par' dir='ltr' id='par_1_13' title="bbox 111 2331 887 2670">
     <span class='ocr_line' id='line_1_25' title="bbox 111 2331 771 2414; baseline -0.002 -18"><span class='ocrx_word' id='word_1_156' title='bbox 111 2352 194 2396; x_wconf 88' lang='lat' dir='ltr'><strong>serva</strong></span> <span class='ocrx_word' id='word_1_157' title='bbox 216 2341 246 2394; x_wconf 91' lang='lat' dir='ltr'><strong>et</strong></span> <span class='ocrx_word' id='word_1_158' title='bbox 267 2331 346 2393; x_wconf 89' lang='lat' dir='ltr'><strong>tideli</strong></span> <span class='ocrx_word' id='word_1_159' title='bbox 367 2333 468 2394; x_wconf 89' lang='lat' dir='ltr'><strong>cinere</strong></span> <span class='ocrx_word' id='word_1_160' title='bbox 489 2334 635 2395; x_wconf 85' lang='lat' dir='ltr'><strong>victumm</strong></span> <span class='ocrx_word' id='word_1_161' title='bbox 658 2335 771 2414; x_wconf 84' lang='lat' dir='ltr'><strong>excipe.</strong></span> 
     </span>
     <span class='ocr_line' id='line_1_26' title="bbox 112 2417 828 2498; baseline 0 -17"><span class='ocrx_word' id='word_1_162' title='bbox 112 2419 238 2482; x_wconf 88' lang='lat' dir='ltr'><strong>succede</strong></span> <span class='ocrx_word' id='word_1_163' title='bbox 259 2417 385 2492; x_wconf 86' lang='lat' dir='ltr'><strong>tumulo,</strong></span> <span class='ocrx_word' id='word_1_164' title='bbox 409 2426 476 2480; x_wconf 87' lang='lat' dir='ltr'><strong>nate</strong></span> <span class='ocrx_word' id='word_1_165' title='bbox 498 2452 539 2463; x_wconf 93' lang='lat'><strong>—</strong></span> <span class='ocrx_word' id='word_1_166' title='bbox 561 2419 632 2498; x_wconf 94' lang='lat' dir='ltr'><strong>quid</strong></span> <span class='ocrx_word' id='word_1_167' title='bbox 655 2427 734 2481; x_wconf 89' lang='lat' dir='ltr'><strong>retro</strong></span> <span class='ocrx_word' id='word_1_168' title='bbox 749 2419 828 2498; x_wconf 81' lang='lat' dir='ltr'><strong>fugis</strong></span> 
     </span>
     <span class='ocr_line' id='line_1_27' title="bbox 112 2501 887 2585; baseline -0.001 -19"><span class='ocrx_word' id='word_1_169' title='bbox 112 2512 249 2585; x_wconf 89' lang='lat' dir='ltr'><strong>tutasque</strong></span> <span class='ocrx_word' id='word_1_170' title='bbox 271 2502 398 2566; x_wconf 87' lang='lat' dir='ltr'><strong>latebras</strong></span> <span class='ocrx_word' id='word_1_171' title='bbox 419 2501 560 2584; x_wconf 80' lang='lat' dir='ltr'><strong>spernis?</strong></span> <span class='ocrx_word' id='word_1_172' title='bbox 589 2522 719 2584; x_wconf 80' lang='lat' dir='ltr'><strong>agnosco</strong></span> <span class='ocrx_word' id='word_1_173' title='bbox 742 2504 887 2566; x_wconf 90' lang='lat' dir='ltr'><strong>indolem:</strong></span> 
     </span>
     <span class='ocr_line' id='line_1_28' title="bbox 111 2589 741 2670; baseline -0.002 -19"><span class='ocrx_word' id='word_1_174' title='bbox 111 2589 202 2670; x_wconf 90' lang='lat' dir='ltr'><strong>pudet</strong></span> <span class='ocrx_word' id='word_1_175' title='bbox 225 2589 338 2650; x_wconf 91' lang='lat' dir='ltr'><strong>timere.</strong></span> <span class='ocrx_word' id='word_1_176' title='bbox 383 2589 505 2668; x_wconf 86' lang='lat' dir='ltr'><strong>spiritus</strong></span> <span class='ocrx_word' id='word_1_177' title='bbox 527 2607 650 2669; x_wconf 83' lang='lat' dir='ltr'><strong>magnos</strong></span> <span class='ocrx_word' id='word_1_178' title='bbox 672 2590 741 2668; x_wconf 81' lang='lat' dir='ltr'><strong>iuga</strong></span> 
     </span>
    </p>
   </div>
   <div class='ocr_carea' id='block_1_4' title="bbox 106 2806 1182 4017">
    <p class='ocr_par' dir='ltr' id='par_1_14' title="bbox 195 2806 996 2886">
     <span class='ocr_line' id='line_1_29' title="bbox 195 2806 996 2886; baseline -0.005 -26"><span class='ocrx_word' id='word_1_179' title='bbox 195 2810 245 2861; x_wconf 78' lang='lat' dir='ltr'><strong>tre</strong></span> <span class='ocrx_word' id='word_1_180' title='bbox 263 2806 373 2859; x_wconf 84' lang='lat' dir='ltr'><strong>invidiae</strong></span> <span class='ocrx_word' id='word_1_181' title='bbox 391 2821 470 2873; x_wconf 88' lang='lat' dir='ltr'><strong>capax</strong></span> <span class='ocrx_word' id='word_1_182' title='bbox 490 2807 513 2856; x_wconf 89' lang='lat' dir='ltr'><strong>A</strong></span> <span class='ocrx_word' id='word_1_183' title='bbox 581 2808 632 2859; x_wconf 80' lang='grc'><strong>489</strong></span> <span class='ocrx_word' id='word_1_184' title='bbox 649 2823 688 2872; x_wconf 79' lang='lat' dir='ltr'><strong>sq.</strong></span> <span class='ocrx_word' id='word_1_185' title='bbox 705 2809 745 2856; x_wconf 80' lang='lat' dir='ltr'><strong>ata</strong></span> <span class='ocrx_word' id='word_1_186' title='bbox 764 2807 920 2886; x_wconf 81' lang='lat' dir='ltr'><strong>teguntur</strong></span> <span class='ocrx_word' id='word_1_187' title='bbox 908 2822 937 2857; x_wconf 85' lang='grc' dir='ltr'><strong>ιιι</strong></span> <span class='ocrx_word' id='word_1_188' title='bbox 956 2806 996 2857; x_wconf 75' lang='lat' dir='ltr'><strong>E:</strong></span> 
     </span>
    </p>

    <p class='ocr_par' dir='ltr' id='par_1_15' title="bbox 317 2874 1014 2942">
     <span class='ocr_line' id='line_1_30' title="bbox 317 2874 1014 2942; baseline -0.001 -16"><span class='ocrx_word' id='word_1_189' title='bbox 317 2890 370 2926; x_wconf 80' lang='lat' dir='ltr'><strong>suu.</strong></span> <span class='ocrx_word' id='word_1_190' title='bbox 397 2874 463 2927; x_wconf 84' lang='lat' dir='ltr'><strong>ilaec</strong></span> <span class='ocrx_word' id='word_1_191' title='bbox 482 2888 558 2926; x_wconf 84' lang='lat' dir='ltr'><strong>causa</strong></span> <span class='ocrx_word' id='word_1_192' title='bbox 577 2874 671 2926; x_wconf 84' lang='lat' dir='ltr'><strong>multos</strong></span> <span class='ocrx_word' id='word_1_193' title='bbox 689 2889 740 2926; x_wconf 87' lang='lat' dir='ltr'><strong>uua</strong></span> <span class='ocrx_word' id='word_1_194' title='bbox 757 2875 789 2926; x_wconf 84' lang='lat' dir='ltr'><strong>ab</strong></span> <span class='ocrx_word' id='word_1_195' title='bbox 807 2874 912 2926; x_wconf 84' lang='lat' dir='ltr'><strong>interitu</strong></span> <span class='ocrx_word' id='word_1_196' title='bbox 930 2874 1014 2942; x_wconf 78' lang='lat' dir='ltr'><strong>arguit</strong></span> 
     </span>
    </p>

    <p class='ocr_par' dir='ltr' id='par_1_16' title="bbox 314 2941 983 3010">
     <span class='ocr_line' id='line_1_31' title="bbox 314 2941 983 3010; baseline -0.002 -15"><span class='ocrx_word' id='word_1_197' title='bbox 314 2941 393 2995; x_wconf 88' lang='lat' dir='ltr'><strong>credit</strong></span> <span class='ocrx_word' id='word_1_198' title='bbox 410 2942 516 3009; x_wconf 84' lang='lat' dir='ltr'><strong>perisse.</strong></span> <span class='ocrx_word' id='word_1_199' title='bbox 550 2942 594 2993; x_wconf 87' lang='lat' dir='ltr'><strong>vix</strong></span> <span class='ocrx_word' id='word_1_200' title='bbox 611 2943 667 3010; x_wconf 89' lang='lat' dir='ltr'><strong>spei</strong></span> <span class='ocrx_word' id='word_1_201' title='bbox 685 2943 822 3010; x_wconf 89' lang='lat' dir='ltr'><strong>quicquam</strong></span> <span class='ocrx_word' id='word_1_202' title='bbox 841 2948 983 3010; x_wconf 80' lang='lat' dir='ltr'><strong>estsuper.</strong></span> 
     </span>
    </p>

    <p class='ocr_par' dir='ltr' id='par_1_17' title="bbox 314 3009 1141 3090">
     <span class='ocr_line' id='line_1_32' title="bbox 314 3009 1141 3090; baseline 0 -28"><span class='ocrx_word' id='word_1_203' title='bbox 314 3026 371 3062; x_wconf 81' lang='lat' dir='ltr'><strong>artu.</strong></span> <span class='ocrx_word' id='word_1_204' title='bbox 398 3012 480 3063; x_wconf 87' lang='lat' dir='ltr'><strong>Grave</strong></span> <span class='ocrx_word' id='word_1_205' title='bbox 497 3009 599 3090; x_wconf 77' lang='lat' dir='ltr'><strong>pondos</strong></span> <span class='ocrx_word' id='word_1_206' title='bbox 616 3011 688 3062; x_wconf 89' lang='lat' dir='ltr'><strong>iilum</strong></span> <span class='ocrx_word' id='word_1_207' title='bbox 706 3025 798 3078; x_wconf 76' lang='lat' dir='ltr'><strong>magua</strong></span> <span class='ocrx_word' id='word_1_208' title='bbox 817 3010 937 3064; x_wconf 81' lang='lat' dir='ltr'><strong>nobilitas</strong></span> <span class='ocrx_word' id='word_1_209' title='bbox 954 3010 1054 3079; x_wconf 84' lang='lat' dir='ltr'><strong>premit.</strong></span> <span class='ocrx_word' id='word_1_210' title='bbox 1138 3017 1141 3022; x_wconf 88' lang='grc'><strong>’</strong></span> 
     </span>
    </p>

    <p class='ocr_par' dir='ltr' id='par_1_18' title="bbox 315 3077 654 3145">
     <span class='ocr_line' id='line_1_33' title="bbox 315 3077 654 3145; baseline 0 -15"><span class='ocrx_word' id='word_1_211' title='bbox 315 3094 368 3132; x_wconf 79' lang='lat' dir='ltr'><strong>suu.</strong></span> <span class='ocrx_word' id='word_1_212' title='bbox 397 3078 436 3131; x_wconf 92' lang='lat' dir='ltr'><strong>Ne</strong></span> <span class='ocrx_word' id='word_1_213' title='bbox 453 3078 545 3145; x_wconf 89' lang='lat' dir='ltr'><strong>prodat</strong></span> <span class='ocrx_word' id='word_1_214' title='bbox 562 3077 654 3145; x_wconf 88' lang='lat' dir='ltr'><strong>aliquis</strong></span> 
     </span>
    </p>

    <p class='ocr_par' dir='ltr' id='par_1_19' title="bbox 313 3146 585 3200">
     <span class='ocr_line' id='line_1_34' title="bbox 313 3146 585 3200; baseline 0 -2"><span class='ocrx_word' id='word_1_215' title='bbox 313 3148 411 3200; x_wconf 80' lang='lat' dir='ltr'><strong>Amore</strong></span> <span class='ocrx_word' id='word_1_216' title='bbox 429 3151 507 3200; x_wconf 89' lang='lat' dir='ltr'><strong>testes</strong></span> <span class='ocrx_word' id='word_1_217' title='bbox 525 3146 585 3200; x_wconf 91' lang='lat' dir='ltr'><strong>doli.</strong></span> 
     </span>
    </p>

    <p class='ocr_par' dir='ltr' id='par_1_20' title="bbox 315 3213 648 3282">
     <span class='ocr_line' id='line_1_35' title="bbox 315 3213 648 3282; baseline -0.003 -15"><span class='ocrx_word' id='word_1_218' title='bbox 315 3231 373 3268; x_wconf 81' lang='lat' dir='ltr'><strong>auc.</strong></span> <span class='ocrx_word' id='word_1_219' title='bbox 399 3213 426 3268; x_wconf 91' lang='lat' dir='ltr'><strong>Si</strong></span> <span class='ocrx_word' id='word_1_220' title='bbox 444 3220 533 3282; x_wconf 87' lang='lat' dir='ltr'><strong>queret</strong></span> <span class='ocrx_word' id='word_1_221' title='bbox 550 3215 648 3267; x_wconf 75' lang='lat' dir='ltr'><strong>hastis?</strong></span> 
     </span>
    </p>

    <p class='ocr_par' dir='ltr' id='par_1_21' title="bbox 314 3283 744 3350">
     <span class='ocr_line' id='line_1_36' title="bbox 314 3283 744 3350; baseline -0.003 -16"><span class='ocrx_word' id='word_1_222' title='bbox 314 3298 367 3335; x_wconf 78' lang='lat' dir='ltr'><strong>suu.</strong></span> <span class='ocrx_word' id='word_1_223' title='bbox 396 3283 488 3335; x_wconf 86' lang='lat' dir='ltr'><strong>Vrbe&#39;</strong></span> <span class='ocrx_word' id='word_1_224' title='bbox 481 3299 508 3336; x_wconf 92' lang='grc' dir='ltr'><strong>ιιι</strong></span> <span class='ocrx_word' id='word_1_225' title='bbox 526 3298 615 3336; x_wconf 83' lang='lat' dir='ltr'><strong>everso</strong></span> <span class='ocrx_word' id='word_1_226' title='bbox 633 3284 744 3350; x_wconf 85' lang='lat' dir='ltr'><strong>perit.</strong></span> 
     </span>
    </p>

    <p class='ocr_par' dir='ltr' id='par_1_22' title="bbox 314 3350 1019 3419">
     <span class='ocr_line' id='line_1_37' title="bbox 314 3350 1019 3419; baseline -0.003 -16"><span class='ocrx_word' id='word_1_227' title='bbox 314 3367 371 3404; x_wconf 79' lang='lat' dir='ltr'><strong>nuo.</strong></span> <span class='ocrx_word' id='word_1_228' title='bbox 398 3351 463 3412; x_wconf 79' lang='lat' dir='ltr'><strong>Quid</strong></span> <span class='ocrx_word' id='word_1_229' title='bbox 482 3351 595 3419; x_wconf 90' lang='lat' dir='ltr'><strong>proderit</strong></span> <span class='ocrx_word' id='word_1_230' title='bbox 613 3351 718 3404; x_wconf 84' lang='lat' dir='ltr'><strong>latuisse</strong></span> <span class='ocrx_word' id='word_1_231' title='bbox 735 3350 891 3404; x_wconf 83' lang='lat' dir='ltr'><strong>redituram</strong></span> <span class='ocrx_word' id='word_1_232' title='bbox 910 3351 1019 3402; x_wconf 76' lang='lat' dir='ltr'><strong>manus?</strong></span> 
     </span>
    </p>

    <p class='ocr_par' dir='ltr' id='par_1_23' title="bbox 106 3418 1182 4017">
     <span class='ocr_line' id='line_1_38' title="bbox 314 3418 1182 3500; baseline -0.001 -29"><span class='ocrx_word' id='word_1_233' title='bbox 314 3434 367 3473; x_wconf 81' lang='lat' dir='ltr'><strong>sur.</strong></span> <span class='ocrx_word' id='word_1_234' title='bbox 397 3419 485 3472; x_wconf 85' lang='lat' dir='ltr'><strong>Victor</strong></span> <span class='ocrx_word' id='word_1_235' title='bbox 503 3421 600 3472; x_wconf 84' lang='lat' dir='ltr'><strong>feroces</strong></span> <span class='ocrx_word' id='word_1_236' title='bbox 618 3419 729 3500; x_wconf 89' lang='lat' dir='ltr'><strong>impetus</strong></span> <span class='ocrx_word' id='word_1_237' title='bbox 745 3419 840 3488; x_wconf 92' lang='lat' dir='ltr'><strong>primos</strong></span> <span class='ocrx_word' id='word_1_238' title='bbox 858 3418 944 3472; x_wconf 88' lang='lat' dir='ltr'><strong>habet.</strong></span> <span class='ocrx_word' id='word_1_239' title='bbox 1140 3427 1182 3470; x_wconf 78' lang='lat' dir='ltr'><strong>tuo</strong></span> 
     </span>
     <span class='ocr_line' id='line_1_39' title="bbox 313 3485 1037 3639; baseline 0.004 -33"><span class='ocrx_word' id='word_1_240' title='bbox 313 3503 370 3608; x_wconf 77' lang='lat' dir='ltr'><strong>ut:</strong></span> <span class='ocrx_word' id='word_1_241' title='bbox 395 3485 1037 3639; x_wconf 65' lang='lat' dir='ltr'><strong>tuttutttt‘tt.trtutt¹..¹ttttttt‘¹⁰“²</strong></span> 
     </span>
     <span class='ocr_line' id='line_1_40' title="bbox 109 3621 1181 3690; baseline -0.002 -16"><span class='ocrx_word' id='word_1_242' title='bbox 109 3639 131 3674; x_wconf 88' lang='grc' dir='ltr'><strong>ιι.</strong></span> <span class='ocrx_word' id='word_1_243' title='bbox 155 3622 206 3676; x_wconf 76' lang='grc'><strong>491</strong></span> <span class='ocrx_word' id='word_1_244' title='bbox 229 3625 288 3674; x_wconf 77' lang='lat' dir='ltr'><strong>cani</strong></span> <span class='ocrx_word' id='word_1_245' title='bbox 311 3626 500 3688; x_wconf 81' lang='lat' dir='ltr'><strong>continuatur,</strong></span> <span class='ocrx_word' id='word_1_246' title='bbox 527 3641 551 3676; x_wconf 91' lang='grc' dir='ltr'><strong>υ.</strong></span> <span class='ocrx_word' id='word_1_247' title='bbox 569 3624 620 3677; x_wconf 78' lang='grc'><strong>492</strong></span> <span class='ocrx_word' id='word_1_248' title='bbox 641 3627 719 3690; x_wconf 77' lang='lat' dir='ltr'><strong>princ</strong></span> <span class='ocrx_word' id='word_1_249' title='bbox 743 3625 939 3676; x_wconf 73' lang='lat' dir='ltr'><strong>hemistichium</strong></span> <span class='ocrx_word' id='word_1_250' title='bbox 964 3621 1181 3688; x_wconf 79' lang='lat' dir='ltr'><strong>Andromachae,</strong></span> 
     </span>
     <span class='ocr_line' id='line_1_41' title="bbox 107 3690 1182 3760; baseline -0.002 -18"><span class='ocrx_word' id='word_1_251' title='bbox 107 3691 223 3743; x_wconf 80' lang='lat' dir='ltr'><strong>altarum</strong></span> <span class='ocrx_word' id='word_1_252' title='bbox 245 3693 305 3742; x_wconf 78' lang='lat' dir='ltr'><strong>seni</strong></span> <span class='ocrx_word' id='word_1_253' title='bbox 328 3691 409 3743; x_wconf 84' lang='lat' dir='ltr'><strong>datar</strong></span> <span class='ocrx_word' id='word_1_254' title='bbox 426 3692 467 3756; x_wconf 87' lang='lat' dir='ltr'><strong>A,·</strong></span> <span class='ocrx_word' id='word_1_255' title='bbox 491 3708 515 3744; x_wconf 86' lang='lat' dir='ltr'><strong>a.</strong></span> <span class='ocrx_word' id='word_1_256' title='bbox 534 3692 586 3744; x_wconf 69' lang='lat'><strong>490</strong></span> <span class='ocrx_word' id='word_1_257' title='bbox 609 3693 722 3744; x_wconf 82' lang='lat' dir='ltr'><strong>alteram</strong></span> <span class='ocrx_word' id='word_1_258' title='bbox 746 3707 837 3743; x_wconf 83' lang='lat' dir='ltr'><strong>ueram</strong></span> <span class='ocrx_word' id='word_1_259' title='bbox 852 3697 958 3760; x_wconf 83' lang='lat' dir='ltr'><strong>partam</strong></span> <span class='ocrx_word' id='word_1_260' title='bbox 977 3690 1182 3743; x_wconf 72' lang='lat' dir='ltr'><strong>Andromachae</strong></span> 
     </span>
     <span class='ocr_line' id='line_1_42' title="bbox 108 3757 1180 3828; baseline 0.002 -18"><span class='ocrx_word' id='word_1_261' title='bbox 108 3759 184 3811; x_wconf 78' lang='lat' dir='ltr'><strong>dedit</strong></span> <span class='ocrx_word' id='word_1_262' title='bbox 199 3757 405 3826; x_wconf 74' lang='lat' dir='ltr'><strong>Raphalangiua.</strong></span> <span class='ocrx_word' id='word_1_263' title='bbox 442 3760 474 3811; x_wconf 84' lang='lat' dir='ltr'><strong>da</strong></span> <span class='ocrx_word' id='word_1_264' title='bbox 491 3761 612 3811; x_wconf 73' lang='lat' dir='ltr'><strong>naasthan</strong></span> <span class='ocrx_word' id='word_1_265' title='bbox 630 3776 646 3811; x_wconf 86' lang='lat' dir='ltr'><strong>a</strong></span> <span class='ocrx_word' id='word_1_266' title='bbox 663 3775 705 3810; x_wconf 84' lang='lat' dir='ltr'><strong>me</strong></span> <span class='ocrx_word' id='word_1_267' title='bbox 723 3760 859 3828; x_wconf 71' lang='grc' dir='ltr'><strong>ιιιροιίιίι</strong></span> <span class='ocrx_word' id='word_1_268' title='bbox 877 3760 952 3822; x_wconf 61' lang='lat' dir='ltr'><strong>elil,</strong></span> <span class='ocrx_word' id='word_1_269' title='bbox 971 3759 1023 3813; x_wconf 81' lang='lat'><strong>217</strong></span> <span class='ocrx_word' id='word_1_270' title='bbox 1040 3775 1079 3825; x_wconf 80' lang='lat' dir='ltr'><strong>aq.</strong></span> <span class='ocrx_word' id='word_1_271' title='bbox 1129 3761 1180 3812; x_wconf 80' lang='grc'><strong>489</strong></span> 
     </span>
     <span class='ocr_line' id='line_1_43' title="bbox 107 3827 1181 3898; baseline 0 -19"><span class='ocrx_word' id='word_1_272' title='bbox 107 3827 193 3894; x_wconf 72' lang='lat' dir='ltr'><strong>arguit</strong></span> <span class='ocrx_word' id='word_1_273' title='bbox 210 3827 267 3878; x_wconf 75' lang='lat' dir='ltr'><strong>EA</strong></span> <span class='ocrx_word' id='word_1_274' title='bbox 286 3843 356 3880; x_wconf 83' lang='lat' dir='ltr'><strong>corr.</strong></span> <span class='ocrx_word' id='word_1_275' title='bbox 375 3833 395 3893; x_wconf 85' lang='grc' dir='ltr'><strong><em>ς</em></strong></span> <span class='ocrx_word' id='word_1_276' title='bbox 464 3830 514 3883; x_wconf 78' lang='lat' dir='ltr'><strong>teu</strong></span> <span class='ocrx_word' id='word_1_277' title='bbox 532 3827 680 3894; x_wconf 78' lang='lat' dir='ltr'><strong>creditld(</strong></span> <span class='ocrx_word' id='word_1_278' title='bbox 671 3829 744 3894; x_wconf 76' lang='grc' dir='ltr'><strong>(ιιι)</strong></span> <span class='ocrx_word' id='word_1_279' title='bbox 813 3832 864 3882; x_wconf 77' lang='lat'><strong>504</strong></span> <span class='ocrx_word' id='word_1_280' title='bbox 880 3833 909 3881; x_wconf 86' lang='grc' dir='ltr'><strong>ιιι</strong></span> <span class='ocrx_word' id='word_1_281' title='bbox 956 3843 1021 3898; x_wconf 87' lang='lat' dir='ltr'><strong>sque</strong></span> <span class='ocrx_word' id='word_1_282' title='bbox 1038 3828 1064 3879; x_wconf 88' lang='lat' dir='ltr'><strong>A</strong></span> <span class='ocrx_word' id='word_1_283' title='bbox 1093 3827 1181 3879; x_wconf 84' lang='lat' dir='ltr'><strong>turris·</strong></span> 
     </span>
     <span class='ocr_line' id='line_1_44' title="bbox 106 3843 1180 4017; baseline 0 -70"><span class='ocrx_word' id='word_1_284' title='bbox 106 3894 202 4017; x_wconf 51' lang='lat' dir='ltr'><strong>qpefflfi</strong></span> <span class='ocrx_word' id='word_1_285' title='bbox 217 3911 287 3949; x_wconf 76' lang='lat' dir='ltr'><strong>corr.</strong></span> <span class='ocrx_word' id='word_1_286' title='bbox 305 3896 338 3947; x_wconf 86' lang='lat' dir='ltr'><em>M</em></span> <span class='ocrx_word' id='word_1_287' title='bbox 352 3896 385 3957; x_wconf 77' lang='lat' dir='ltr'><strong>cs</strong></span> <span class='ocrx_word' id='word_1_288' title='bbox 405 3897 426 3960; x_wconf 85' lang='lat'><strong>1,</strong></span> <span class='ocrx_word' id='word_1_289' title='bbox 443 3897 461 3949; x_wconf 84' lang='lat'><strong><em>2</em></strong></span> <span class='ocrx_word' id='word_1_290' title='bbox 536 3896 763 3964; x_wconf 70' lang='lat' dir='ltr'><strong>scottigenam</strong></span> <span class='ocrx_word' id='word_1_291' title='bbox 781 3843 1078 3965; x_wconf 44' lang='lat' dir='ltr'><strong>commemoratas</strong></span> <span class='ocrx_word' id='word_1_292' title='bbox 1097 3892 1180 3948; x_wconf 78' lang='lat' dir='ltr'><em>V.L.</em></span> 
     </span>
    </p>
   </div>
   <div class='ocr_carea' id='block_1_5' title="bbox 0 0 1294 4366">
    <p class='ocr_par' dir='ltr' id='par_1_24' title="bbox 0 0 1294 4366">
     <span class='ocr_line' id='line_1_45' title="bbox 0 0 1294 4366; baseline 0 2"><span class='ocrx_word' id='word_1_293' title='bbox 0 0 1294 4366; x_wconf 95' lang='lat' dir='ltr'><strong> </strong></span> 
     </span>
    </p>
   </div>
  </div>
 </body>
</html>
