2580 4366
106 203 147 264 50
479 216 517 256 66
538 214 669 258 6666116
690 215 812 257 cunano.

104 367 204 429 locum
226 367 296 428 inde
319 367 355 428 ab
377 366 588 446 interpolatore
603 365 627 426 A
645 365 753 426 misere
776 384 792 425 a
813 365 884 426 viris
905 365 1000 426 doctis
1022 365 1182 428 laceratum

105 453 149 514 sie
170 459 250 513 recte
272 452 412 513 traditum
435 471 499 513 esse
520 469 609 530 supra
631 450 734 511 monui
756 453 797 529 (p.
814 452 878 528 33).
914 450 967 512 sed
988 452 1071 530 quod
1093 460 1123 513 et
1136 452 1183 512 in·

105 545 208 617 eptum
230 545 260 598 61
281 536 486 598 duriusculum
514 544 559 598 est
588 555 704 616 sperssu
725 535 810 596 silebo
833 535 946 610 (debuit
973 536 1078 598 saltem
1100 555 1183 617 sper·

104 623 224 704 pondus)
244 621 421 683 inlustratur
441 621 589 683 Phaedrae
617 639 704 682 versu
732 622 813 684 1169
847 620 975 682 11661116
997 625 1060 702 puis
1082 640 1183 684 sescus

107 708 187 769 Sinis
207 718 259 768 eut
281 711 344 788 quis
366 706 532 768 Procrustes
552 705 680 786 sparsit?

194 793 276 854 1556
299 802 378 872 teque
400 810 459 853 11611
480 790 573 853 solum
594 793 667 870 feret
689 790 740 852 1116
757 794 873 871 puppis.

105 895 223 938 versum
247 877 421 956 posthunc
446 876 632 937 intercidisse
654 893 828 955 persuasum
841 874 943 955 habeo
966 875 1071 937 talem:
1095 871 1183 960 [quoe

105 963 174 1025 tulit
194 961 286 1023 solum
305 966 460 1042 metuitque
487 956 632 1045 61611111)
675 969 709 1022 61
723 969 756 1020 ut
771 968 816 1021 est
832 979 892 1021 non
907 978 1032 1040 prorsus
1045 961 1122 1023 haec
1136 961 1181 1020 in·

105 1047 284 1124 tellegentur
295 1047 353 1108 nisi
368 1047 399 1107 in
413 1046 584 1108 memoriam
600 1045 746 1106 revocaris
758 1045 806 1105 Hl.
818 1048 880 1108 775
896 1045 997 1107 661116
1003 1047 1182 1126 populorum

106 1149 199 1211 cepoe
220 1131 366 1193 6116111661
386 1136 449 1194 uui.
493 1131 591 1211 paullo
613 1138 683 1211 post
703 1131 773 1191 item
801 1149 836 1190 ex
858 1129 986 1191 Hercule
1007 1148 1130 1192 sensum
1153 1138 1182 1191 61

105 1215 147 1277 ihi
162 1216 237 1277 male
251 1216 438 1278 conlocatum
460 1217 546 1296 peius
567 1216 739 1278 translatum
762 1233 827 1276 esse
846 1222 977 1295 apparet.
1007 1233 1118 1295 nempe
1132 1214 1181 1276 Hl.

3 1370 6 1375 ,
106 1301 169 1363 145
185 1320 231 1380 sq.
254 1301 290 1362 de
305 1301 452 1362 iudicibus
467 1301 593 1364 infernis
608 1301 725 1362 locutus
739 1318 826 1378 reges
840 1301 975 1362 hortatur
990 1300 1125 1362 Theseus
1144 1319 1182 1362 66

107 1386 272 1447 crudelitati
294 1386 478 1448 adsuescant.
519 1386 641 1448 eandem
663 1385 860 1446 hortationem
883 1403 1007 1465 prorsus
1029 1386 1132 1464 inepte
1153 1392 1183 1446 61

90 1467 291 1554 ,κακοζήλως
306 1468 359 1530 ΗΟ
378 1473 587 1534 1566-1563
607 1472 748 1531 insertam
762 1470 889 1549 legimus
904 1477 1061 1550 postquam
1076 1470 1124 1531 vix
1137 1478 1181 1531 te·

105 1555 173 1635 tigit
194 1557 304 1616 chorus
325 1555 438 1616 iudices
460 1564 491 1616 et
511 1557 543 1617 16
565 1563 738 1617 transcursu
760 1562 874 1617 tantum
889 1573 1054 1634 poenarum
1068 1573 1182 1617 memo·

105 1641 180 1702 11661
200 1640 312 1701 1616611.

194 1726 272 1788 1721
298 1725 386 1826 plane
408 1724 520 1784 rustico
543 1724 678 1826 ohiurgio
700 1725 731 1785 in
750 1724 941 1785 Philoctetem
964 1725 1115 1788 invehitur
1136 1726 1181 1788 his

105 1809 219 1872 verhis:
243 1813 345 1888 1911666
366 1813 443 1871 rums
464 1813 583 1871 inermis
606 1818 736 1872 ceterum
756 1810 938 1912 compositus
953 1816 984 1870 et
997 1819 1180 1873 mansuetus.

106 1895 157 1956 sed
179 1893 330 1957 transtulit
351 1895 409 1955 hoc
431 1914 467 1955 ex
488 1894 562 1973 Thy.
587 1897 647 1958 176
669 1899 771 1973 igneve
793 1900 870 1956 iners
891 1899 1012 1964 enervis:

190 1979 264 2041 11666
284 1987 438 2041 versentur
452 1980 483 2039 in
499 1979 596 2040 verbis
611 1988 640 2040 61
655 1980 809 2040 sententiis
825 1981 1023 2059 exprimendis
1034 1977 1071 2063 ²).
1102 1981 1181 2043 alind

106 2064 277 2125 imitationis
299 2082 394 2143 genus
417 2073 461 2124 est
484 2082 543 2142 quo
559 2064 669 2126 solidae
685 2064 850 2125 fabularum
864 2073 962 2143 partes
978 2083 1104 2127 scaenae
1118 2083 1182 2127 ser·

106 2166 211 2210 mones
225 2149 440 2228 descriptiones
456 2149 665 2227 exprimuntur
678 2150 723 2210 vel
738 2151 841 2210 saltem
855 2149 1068 2229 respiciuntur.
1102 2150 1181 2231 legas

106 2232 265 2295 Alcmenae
288 2234 424 2312 querelas
448 2235 656 2298 1402-1418
673 2252 781 2313 easque
797 2253 949 2315 compares
967 2252 1034 2296 cum
1052 2234 1181 2297 Hercule

105 2317 137 2379 in
166 2318 343 2396 cognomine
370 2316 469 2379 sahula
497 2320 615 2379 furente
644 2319 810 2380 dormiente
838 2327 989 2397 surgente.
1033 2319 1085 2381 uhi
1111 2321 1182 2383 satis

105 2409 173 2482 apte
194 2420 257 2463 rem
279 2403 319 2464 ita
334 2402 462 2464 instituit
476 2410 510 2463 ut
523 2403 626 2464 lurore
641 2413 670 2465 et
684 2404 836 2465 vaecordia
850 2404 1053 2466 labefactatum
1070 2423 1182 2485 corpus

106 2506 210 2550 somno
233 2488 351 2548 tandem
373 2488 482 2548 victum
505 2495 635 2549 corruat.
671 2496 757 2567 pater
777 2507 856 2550 arma
879 2489 1023 2550 removeri
1045 2489 1129 2552 iubet
1142 2508 1181 2551 ne

105 2572 176 2651 quid
206 2579 396 2652 experrectus
424 2571 492 2633 mali
521 2591 640 2634 rursum
666 2574 787 2648 audeat,
816 2575 926 2635 chorus
952 2575 1055 2636 Somni
1078 2574 1182 2636 laudes

105 2657 185 2718 canit
206 2657 393 2737 flebilemque
408 2676 508 2719 rerum
523 2667 631 2720 statum
648 2659 790 2737 deplorat.
821 2658 949 2738 denique
964 2659 1182 2738 expergiscitur

104 2741 248 2803 Hercules
270 2743 455 2821 miraturque
476 2743 527 2802 uhi
550 2744 683 2821 gentium
704 2750 848 2804 versetur.
878 2743 909 2804 in
925 2743 1054 2805 Hercule
1070 2743 1180 2806 Oetaeo

105 2827 211 2888 similia
226 2827 328 2906 inepto
343 2827 409 2888 loco
425 2827 572 2889 accidunt.
600 2828 636 2890 de
651 2827 812 2889 calamitate
828 2847 881 2890 sua
896 2829 1021 2890 multum
1036 2830 1181 2890 multum·

105 2930 165 2991 que
187 2911 356 2974 declamavit
378 2920 407 2974 et
428 2912 607 2984 decantarit,
636 2913 795 2975 16161616
818 2913 892 2975 nihil
915 2913 1095 2988 audivimus;
1125 2931 1182 2976 nee

106 3016 182 3076 quae
204 2997 363 3058 novissimo
386 2997 451 3058 loco
476 2996 546 3057 dicit
566 2998 659 3077 magis
681 3005 752 3058 sunt
773 2998 896 3076 reliquis
923 2999 1036 3059 insana.
1081 2998 1181 3061 suhito

104 3082 246 3144 docemur
267 3081 425 3143 1116166666
446 3081 543 3143 verbis
565 3083 696 3144 furorem
718 3083 828 3144 instare
850 3101 917 3144 cum
942 3083 1028 3145 dicit:

203 3169 285 3231 1402
511 3171 540 3228 et'
559 3167 638 3239 mihi,
659 3186 772 3229 sensum
798 3185 905 3248 quoque

309 3255 433 3314 excussit
454 3254 506 3312 1116
527 3256 636 3314 nimius
657 3251 784 3332 impulsu
806 3253 886 3313 dolor

105 3335 201 3397 statim
223 3336 335 3416 pergit:
358 3347 498 3399 removete
520 3356 622 3416 quaeso
645 3338 700 3400 telo
717 3349 744 3398 et
757 3338 877 3415 infestes
887 3355 992 3417 precor
1005 3341 1101 3418 rapite
1115 3338 1181 3401 1111

104 3424 221 3499 sagittas
241 3421 301 3497 (111.
317 3424 398 3486 1653
421 3433 561 3483 removete
582 3422 691 3501 famule·
711 3421 767 3483 telo
787 3440 824 3482 116
845 3433 954 3502 repetet
967 3424 1096 3501 fureres),
1114 3427 1181 3504 ipsse

193 3602 212 3666 ¹)
229 3601 295 3654 elius
312 3603 357 3654 sed
375 3604 465 3657 similis
483 3604 1181 3672 6611666616666661,58516661666611610661116

97 3685 224 3802 Ι1716161111
242 3685 258 3719 e
276 3672 361 3752 fluctu
379 3672 504 3732 defendet
520 3689 596 3724 onus.
632 3672 664 3724 de
681 3672 812 3725 Hercule
806 3687 830 3723 1n
849 3673 918 3740 Argo
936 3688 1002 3725 nere
1019 3673 1179 3734 8611166.

155 3741 203 3790 101
222 3741 385 3804 puppimque
404 3741 523 3790 6116111666
541 3741 675 3806 utrumque
692 3746 828 3805 ingravat

143 3814 147 3820 ·
190 3805 1179 3875 2)61161111616616661116,61666166666611166616111111616116-

47 3910 51 3916 ,
105 3874 191 3924 trehit
208 3889 287 3923 eures
306 3875 375 3940 lapis
393 3873 451 3924 an
470 3875 597 3926 16616616
616 3876 690 3927 unda
708 3876 804 3943 optime
822 3876 853 3927 nd
873 3875 964 3928 Pheed.
985 3879 1032 3930 391
1052 3877 1177 3930 reserens:

104 3957 153 3994 1166
170 3943 262 3993 niveus
280 3942 350 4008 lepis
368 3941 579 3995 161666166161
597 3944 686 3995 ludici
703 3944 802 3995 donum
819 3947 960 4013 116111.Ι
