2580 4366
115 217 177 279 246
496 237 524 278 n.
547 237 652 279 annam
674 238 803 280 enuncia:

540 342 629 384 xmj..
646 340 664 351 '⁸

405 384 553 447 Arnuvs

95 489 108 541 t
199 487 316 565 Ignara
338 486 428 560 iners,
452 489 566 549 enervis
588 499 616 549 et
636 489 728 568 (quod
752 492 909 553 maximum

114 572 257 654 probrum
278 582 405 651 tyranno
426 571 517 633 rebus
538 575 570 634 in
592 574 716 634 summis
736 579 816 654 reor)

114 656 218 732 inulto,
241 667 309 737 post
329 667 374 718 tot
395 656 515 733 scelera,
539 669 607 738 post
630 658 727 720 fratris
741 660 832 722 'dolos

116 742 219 822 fasque
241 760 329 803 omne
351 750 472 822 ruptum
495 743 647 823 questibus
669 744 751 805 vanis
773 746 835 825 agis

114 826 206 887 iratus
229 824 355 888 Atreus?
391 827 515 888 fremere
537 829 593 888 iam
616 837 696 889 totus
718 829 777 890 tuis

114 911 239 972 debebat
260 912 349 972 armis
371 911 452 973 orbis
474 922 503 973 et
524 913 676 992 geminum
698 932 779 975 mare
1034 952 1064 975 η

1 1072 3 1077 Ι
114 998 263 1077 utrimque
283 997 391 1058 classes
413 1015 509 1075 agere,
533 1000 591 1059 iam
612 998 738 1060 flammis
759 1018 846 1079 agros
911 1035 914 1039 Δ
999 1004 1090 1078 3
1198 1058 1209 1075 n

114 1082 214 1143 lucere
236 1091 265 1142 et
286 1081 375 1143 urbes
396 1083 494 1143 decuit
515 1101 549 1144 ao
571 1083 858 1166 strictumundique
895 1142 898 1147 ,
997 1081 1028 1171 ‘i
1067 1084 1091 1147 o*
1172 1084 1216 1229 s

113 1168 222 1228 micare
243 1167 364 1228 ferrum.
408 1175 468 1228 tota
491 1167 546 1228 sub
569 1176 671 1229 nostro
693 1179 780 1231 sonet
988 1180 1008 1237 ‚¹
1082 1168 1133 1237 21³2
1153 1171 1168 1221 Γ

113 1251 250 1332 Argolica
272 1250 360 1312 tellus
382 1251 496 1332 equite3
521 1269 581 1313 non
605 1251 694 1314 silvae
716 1262 816 1333 tegant
920 1262 948 1327 .‘.'
960 1252 1041 1345 ψῃ
1054 1218 1083 1309 r)
1119 1260 1194 1326 *185

112 1339 228 1398 hostem
252 1355 307 1397 nec
328 1335 394 1397 aitis
417 1336 563 1398 montium
586 1346 713 1399 structae
734 1339 811 1420 iugis
929 1346 952 1416 j
992 1342 1048 1403 'tt
1077 1344 1125 1421 ,ir'

63 1465 65 1469 «
112 1439 210 1492 arces;
233 1420 344 1483 relictis
365 1422 504 1483 bellicum
525 1432 606 1484 totns
627 1432 714 1485 canat
862 1448 865 1455 ’
989 1418 1023 1488 'f-'i''
1072 1424 1091 1493 ,ι’

112 1508 242 1588 populus
264 1506 406 1586 Mycenis,
428 1507 563 1587 quisquis
584 1508 712 1570 invisum
734 1521 823 1590 caput
856 1522 881 1571 tr
926 1509 986 1561 -ri'

112 1593 185 1671 tegit
206 1611 240 1653 ac
262 1602 372 1666 tuetur,
395 1591 477 1653 clade
499 1593 616 1654 funesta
638 1595 761 1661 occidat.
933 1591 937 1610 ¹
980 1592 1024 1666 31²·

111 1678 184 1739 haec
205 1678 269 1759 ipsa
291 1676 408 1758 pollens
430 1677 524 1738 incliti
546 1677 665 1758 Pelopis
686 1678 791 1741 domus
967 1682 984 1752 s
1150 1699 1193 1751 190

83 1802 85 1806 -
110 1772 177 1824 ruat
197 1761 242 1824 rel
264 1761 294 1822 in
318 1779 376 1837 me,
398 1762 558 1823 dummodo
581 1763 611 1824 in
634 1763 752 1825 fratrem
775 1773 851 1827 ruat.

111 1865 175 1926 age,
196 1848 304 1918 anime,
326 1847 372 1908 iac
395 1849 473 1927 quod
497 1847 577 1908 nuile
599 1848 755 1928 posteritas
778 1850 892 1927 prohat,

111 1933 162 1994 sod
185 1932 265 1994 nulla
288 1940 390 1993 taceat.
434 1932 551 2012 aliquod
575 1934 743 1994 audendum
765 1943 809 1995 est
832 1936 913 1995 notas

110 2029 203 2092 atrox,
226 2027 393 2090 cruentum,
416 2017 473 2078 tale
496 2019 573 2098 quod
596 2019 687 2080 irater
708 2037 791 2080 meus

111 2121 198 2164 suum
221 2121 284 2164 esse
306 2101 405 2162 mallet
427 2137 469 2146 —
513 2103 623 2164 sceiere
646 2122 708 2165 non
730 2104 890 2178 ulcisceris,

110 2188 166 2248 nisi
189 2188 289 2249 vincis.
335 2197 363 2247 et
386 2187 457 2266 qnid
480 2206 544 2248 esse
568 2200 765 2261 tamsaevurn
788 2199 885 2269 potest

109 2272 189 2353 quod
211 2281 331 2353 superet
353 2270 461 2332 illum?
491 2273 635 2352 numquid
657 2273 790 2335 abiectus
812 2271 908 2335 iacet?

108 2356 254 2437 numquid
276 2356 414 2417 secundis
435 2358 547 2437 patitur
568 2359 600 2418 in
624 2357 714 2419 rebus
735 2359 866 2432 modum,
967 2397 970 2403 «

107 2441 194 2504 fessis
217 2439 367 2523 quietem?
397 2442 465 2502 novi
488 2460 543 2519 ego
567 2443 722 2521 ingenium
744 2445 798 2505 riri

108 2527 251 2588 indocile:
276 2524 357 2589 flecti
380 2545 441 2587 non
464 2536 561 2606 potest
581 2561 625 2570 —
646 2527 742 2607 frangi
764 2539 870 2610 potest.
915 2523 923 2540 '
1144 2545 1190 2598 noo

108 2613 234 2692 proinde
255 2621 411 2692 antequam
434 2630 466 2672 se
488 2613 584 2674 firmat
600 2620 658 2689 *aut
679 2613 756 2674 vires
776 2623 870 2695 parat,

108 2705 225 2785 petatur
246 2697 335 2770 ultro,
359 2714 396 2757 ne
413 2691 618 2777 *quiescentem
640 2705 729 2777 petat.

107 2777 158 2844 aut
179 2783 282 2863 perdet
303 2790 354 2843 aut
376 2781 500 2862 peribit:
522 2782 554 2843 in
576 2779 674 2869 medio*
697 2793 740 2844 est
762 2783 859 2845 scelus

107 2867 237 2947 positum
260 2867 427 2946 occupanti.

396 3001 592 3095 strennus

390 3116 429 3181 χ’,
463 3101 552 3164 Fama
574 3113 603 3165 te
625 3103 826 3184 populinihil

105 3188 225 3250 adversa
248 3183 362 3279 temeti
381 3188 466 3248 ‘aaa
510 3187 670 3251 Maximum
691 3189 749 3250 hoc
771 3190 855 3267 regni
878 3190 993 3253 bonum
1014 3204 1072 3269 est,
1143 3206 1188 3257 tot

108 3274 187 3354 quod
209 3273 282 3333 iacta
305 3271 418 3332 domini
441 3273 563 3354 cogitur,
574 3273 709 3354 populus
731 3269 778 3334 eui

108 3368 168 3419 tam
190 3358 267 3418 ferre
290 3374 378 3438 quarn
399 3346 557 3455 laudares
571 3377 632 3419 sar.
677 3356 760 3428 Quos
780 3360 860 3439 cogit
881 3369 979 3421 metus

106 3441 235 3517 laudare,
258 3441 375 3504 eosdem
398 3442 493 3503 reddit
514 3442 654 3511 mimicos
674 3453 780 3507 metus.

107 3538 136 3590 at
159 3529 210 3608 qui
232 3526 339 3590 favoris
360 3525 484 3606 gloriam
505 3529 567 3590 reri
589 3529 673 3608 petit,

191 3709 304 3745 rocenac
323 3693 417 3743 titulus
429 3695 530 3753 Atreus,
549 3693 659 3746 Satelles
667 3695 697 3759 ,Ε
714 3696 817 3752 Atreus.
826 3692 928 3760 §.etrus
935 3695 966 3761 β
977 3696 1029 3758 (ria
1040 3716 1093 3764 μιν.
1103 3707 1226 3755 ωιωη,φ

35 3813 39 3826 ,
106 3765 241 3826 scaenam)
313 3763 359 3812 177
378 3761 486 3827 probum
504 3762 529 3811 Ε
575 3758 654 3814 '180
672 3764 735 3828 iras,
754 3769 780 3813 et
798 3763 850 3824 (oet
866 3767 901 3826 et)
917 3752 1002 3829 drgos
1029 3765 1048 3819 i.
1067 3767 1083 3818 i.
1103 3775 1185 3822 totum

106 3831 168 3882 uA
203 3848 205 3853 ·
254 3833 301 3883 181
321 3827 532 3882 daornnisA
620 3832 773 3884 182innere
797 3831 894 3882 classis.
922 3831 972 3881 iem
996 3833 1049 3886 tuis
1074 3836 1101 3888 n
1121 3839 1185 3890 Μ

109 3901 156 3950 tao
174 3898 288 4017 melitii
374 3899 421 3950 201
441 3896 526 3950 firmet
548 3910 570 3947 e.
595 3913 620 3948 v.
644 3904 717 3964 paret
733 3900 759 3949 A
844 3901 892 3951 20¹1
912 3912 987 3964 quam
1013 3902 1031 3955 i.
1053 3909 1108 3956 um
1126 3907 1185 3958 uA

99 3970 153 4022 209
172 3982 233 4020 vere
