2580 4366
556 218 674 269 oculive

232 375 319 436 ducat
340 375 518 455 intrepidam
540 372 648 452 ratern3

231 467 294 521 tuta
314 477 363 520 me
383 460 480 522 media
501 460 588 524 vehat

129 594 134 601 .
229 545 286 605 vita
308 545 472 607 decurrens
492 546 546 608 via.

283 629 425 691 Gnosium
446 648 547 710 regern
570 632 677 694 timens

213 705 308 777 'astra
330 713 399 778 dum
420 714 544 792 demens
565 717 640 795 petit

231 799 344 861 artibus
366 800 439 860 fisus
461 801 555 875 noris,
611 867 615 875 ,

232 891 323 946 certat
345 893 375 945 et
395 902 478 946 veras
499 904 567 948 aves

229 969 351 1030 vincere
369 987 404 1032 ac
424 970 507 1032 falsis
528 970 618 1033 nimis

232 1054 357 1133 imperat
382 1054 484 1134 pinnis
505 1074 592 1135 puer,

232 1157 342 1201 nomen
365 1139 475 1219 eripuit
498 1141 617 1227 tretcp

232 1225 355 1286 callidus
377 1225 508 1291 medium
530 1244 622 1288 senex

232 1308 375 1372 Daedalus
397 1309 509 1373 librans
531 1309 587 1372 iter

232 1393 312 1456 nube
334 1394 390 1456 sub
411 1395 508 1457 media
528 1396 619 1470 stetit

234 1479 331 1540 alitem
354 1490 513 1560 expectans
534 1498 618 1542 suam

231 1564 340 1641 (qualis
362 1564 512 1644 accipitris
535 1565 640 1626 minas·

233 1648 310 1727 fugit
331 1657 360 1710 et
381 1644 501 1730 sp'arsos
522 1658 605 1730 metu

232 1732 357 1812 conligit
377 1735 455 1796 setus
475 1734 559 1810 aris),
583 1777 597 1810 ,

232 1818 329 1879 denec
346 1818 381 1879 >in
404 1827 497 1899 ponto
520 1835 626 1879 manus

232 1903 323 1963 movit
345 1903 503 1983 implicitas
524 1920 602 1982 puer

234 1989 377 2067 compede
399 1988 517 2049 audacis
539 1988 611 2049 viae.

234 2072 379 2152 quidquid
402 2072 529 2135 excessit
550 2071 671 2134 modum

232 2158 342 2237 pendet
363 2157 492 2220 instabili
514 2157 591 2219 loco.

283 2242 341 2303 Sed
364 2243 434 2321 quid
457 2240 539 2304 hcc?
561 2250 663 2321 postes
685 2251 807 2317 sonant;

233 2336 363 2389 maestus
386 2347 424 2395 en
446 2327 574 2390 famulus
596 2344 687 2389 rnauu

232 2412 333 2490 regius
356 2421 475 2492 quassat
496 2423 595 2492 caput.

234 2497 287 2559 ede
310 2497 382 2575 quid
404 2508 505 2577 portes
528 2497 606 2558 nori.

376 2648 538 2712 NVNTIVS

166 2748 317 2812 Praedicta
339 2761 497 2831 postquam
518 2750 576 2812 iata
598 2757 628 2812 ct
648 2748 802 2811 infandum
825 2766 919 2830 genus

80 2833 239 2913 deprendit
260 2853 295 2896 ac
317 2854 350 2898 se
371 2834 483 2896 scelere
506 2835 673 2897 convictum
697 2833 829 2914 Oedipus

80 2918 227 2980 damnavit
249 2919 324 2999 ipse,
346 2920 458 2999 regiam
479 2920 605 2982 infestus
627 2926 732 2998 petens

80 3004 175 3065 invisa
196 3021 326 3085 propero
348 3012 425 3066 tecta
447 3004 612 3084 penetrarit
633 3003 726 3083 gradu

81 3087 178 3167 qualis
200 3107 255 3168 per
277 3108 343 3151 arva
366 3089 495 3170 Libycus
517 3087 628 3150 insanit
649 3089 706 3163 leo,

80 3172 190 3236 fulvam
212 3174 320 3236 minaci
341 3174 440 3236 fronte
464 3172 639 3236 concutiens
661 3171 776 3246 iubam;

80 3257 180 3319 vultus
201 3259 304 3321 furore
325 3267 426 3322 torvus
448 3267 537 3337 atque
560 3258 638 3320 oculi
661 3266 770 3330 truces,

81 3343 208 3422 gemitus
232 3351 261 3406 et
282 3344 374 3406 altum
396 3362 542 3418 murmur,
565 3352 594 3405 et
616 3343 731 3423 gelidus
752 3342 819 3405 fluit

81 3427 176 3489 sudor
198 3446 253 3509 per
274 3440 367 3506 artus,
390 3437 508 3508 spumat
530 3439 560 3493 et
580 3427 669 3489 volvit
690 3427 785 3489 minas

168 3615 215 3665 891
235 3611 368 3664 decurrere
385 3611 410 3662 Ε
428 3610 576 3663 decurrente
593 3613 619 3663 A
636 3614 756 3662 correxit
779 3610 819 3660 ed.
837 3607 1026 3673 Lugdunensis
1042 3610 1157 3676 (Detric)

20 3682 23 3688 '
80 3680 270 3746 stagnatum
289 3679 364 3732 codd.
429 3681 480 3732 893
499 3679 549 3731 nita
568 3679 629 3732 dum
645 3681 671 3730 A
740 3680 790 3730 891
807 3675 889 3728 fidens
906 3677 932 3727 A
999 3679 1050 3734 898
1068 3683 1157 3745 cem

81 3749 132 3803 908
151 3747 255 3801 audacis
266 3748 324 3800 viae
336 3762 421 3800 comes
440 3745 557 3798 audaxln'
574 3761 661 3800 comes
679 3744 782 3799 audacis
799 3745 890 3796 viaeA
908 3747 1157 3799 conecitssueche·

40 3835 46 3882 p
82 3815 155 3868 tom
206 3818 256 3869 911
272 3816 314 3868 hic
330 3816 412 3882 pestis
430 3817 542 3878 sonat&
592 3818 643 3868 912
661 3830 694 3867 m.
712 3819 738 3866 et
755 3813 832 3866 codd.
849 3815 970 3864 corr-ecit
985 3813 1021 3867 Ν.
1031 3816 1157 3867 linientes
1199 3851 1202 3860 ,

82 3883 101 3936 t.
115 3900 139 4001 le.
170 3952 195 4001 Α
214 3887 265 3938 918
282 3884 366 3951 regios
384 3886 410 3948 ς.
428 3911 463 3921 -
480 3897 605 3950 quassans
622 3884 648 3934 A
712 3884 761 3935 915
780 3881 824 3935 int.
842 3881 926 3934 secius
943 3882 969 3933 A
1038 3887 1087 3938 922
1106 3884 1156 3950 gei.

79 3955 153 4002 vcat
270 3965 272 3970 ·
1108 3978 1110 3981 -
