2602 4380
175 180 239 243 222
273 185 275 191 ’
649 197 807 240 curucam.

177 370 245 415 cum
268 353 408 432 plaustris
425 349 514 412 simul
529 349 731 427 nominantur,
753 350 782 411 id
802 348 910 429 etipse
925 350 1036 412 Seneca
1052 352 1146 414 multo
1162 353 1254 414 auda·

176 439 240 500 cius
262 439 331 500 lecit
353 437 400 499 Hi.
428 438 488 500 129
509 439 625 514 sipuum
653 435 719 498 celsi
741 433 860 516 plantate
877 434 942 515 pali
961 446 1066 516 septem
1087 438 1175 500 stellis
1197 438 1254 499 Αι-

175 525 255 586 cades
276 541 362 586 ursae
384 523 475 586 lucem
496 538 576 583 auso
598 530 708 583 temone
730 532 834 584 uocant
851 521 988 597 (Arcados
1006 521 1046 594 lu
1068 522 1152 584 locus
1175 542 1253 584 non·

175 609 244 670 dnm
269 609 400 685 sanatus)
424 616 452 669 et
474 607 544 668 item
566 604 707 693 Lucanus
725 606 773 681 lV,
797 606 859 669 523
881 606 1014 687 siccoque
1035 626 1120 670 ursae
1143 619 1254 671 temone

171 702 319 775 paverent.
364 694 401 755 cf.
424 692 477 753 ΗΟ
505 692 585 754 1524
608 695 708 772 quique
737 691 789 753 sub
816 690 950 771 plaustro
974 695 1131 771 pateuutur
1156 710 1253 756 ursae.

174 787 304 841 monstra
325 788 423 840 autem
445 776 523 839 facili
545 793 650 838 errore
672 785 738 838 nata
762 783 833 838 suut
849 783 1006 855 postquam
1022 776 1128 856 aliquis
1140 779 1254 860 plostra

175 863 303 942 scripsit.
348 862 446 945 qualia
471 860 646 941 saepissime
668 861 809 923 accidisse
832 877 919 922 nemo
944 861 1070 940 ignorat.
1115 864 1159 924 sio
1182 864 1254 925 llor.

175 950 209 1011 ad
233 949 291 1010 Pis.
319 952 378 1012 154
401 947 487 1010 codd.
511 946 614 1026 optimi
636 947 741 1026 plosor,
771 963 859 1007 serm.
883 946 911 1020 l,
935 948 972 1022 6,
999 949 1040 1009 42
1062 947 1125 1010 iere
1148 967 1253 1010 omnes

170 1034 290 1116 plostra,
308 1052 375 1096 oum
387 1033 457 1094 alias
469 1050 587 1111 semper
594 1031 728 1112 plaustra
741 1031 884 1111 seriptum
900 1031 938 1091 sit
950 1033 1052 1107 (carm.
1065 1032 1115 1109 lll,
1128 1035 1180 1110 24,
1197 1038 1251 1108 10;

173 1138 220 1200 ep.
238 1120 274 1193 ll,
298 1121 327 1194 2,
352 1121 402 1181 74.
432 1117 467 1180 ad
483 1117 543 1178 Pis.
559 1119 644 1192 276).
674 1135 762 1179 serm.
778 1116 815 1193 ll,
831 1119 862 1190 3,
882 1117 944 1180 247
965 1117 1104 1197 plostello.
1137 1118 1174 1180 ol.
1191 1118 1251 1179 Cll.

152 1199 207 1279 Ὺ,
232 1206 314 1269 7862
343 1222 369 1264 r.
393 1207 412 1267 5
444 1201 645 1264 Plastrab'bus.
696 1202 740 1263 sie
769 1201 838 1262 Sen.
868 1199 904 1262 de
932 1201 1031 1262 benef.
1054 1202 1124 1278 Vll,
1150 1206 1209 1278 21,
1232 1206 1251 1265 2

175 1290 311 1352 clostrum
333 1287 377 1360 N,
409 1287 601 1368 eiusdemque
632 1287 749 1365 generis
778 1285 889 1365 ubique
918 1285 1008 1348 multa
1036 1296 1067 1349 et
1095 1297 1174 1350 nota.
1220 1289 1251 1350 in

174 1374 310 1455 qualibus
341 1391 509 1435 sermonem
536 1371 685 1451 vulgarem
716 1371 837 1434 minime
867 1379 1052 1433 constantem
1074 1372 1167 1434 fuisse
1189 1392 1251 1435 non

44 1494 48 1505 ·
174 1469 288 1521 tantum
310 1458 467 1520 Diomedes
490 1459 576 1519 docet
597 1476 627 1535 p.
651 1458 723 1529 383,
747 1459 766 1518 2
790 1455 916 1536 (plaudo,
936 1456 1021 1536 plodo
1040 1461 1252 1522 —secuudum

173 1563 236 1606 eam
264 1544 494 1606 cousuetudinem
521 1561 577 1623 qua
606 1561 645 1603 ou
674 1541 783 1620 syllaba
812 1560 876 1604 cum
906 1542 1029 1604 elstera
1051 1549 1252 1607 commercium

171 1627 265 1697 babet,
288 1641 321 1691 ut
343 1647 407 1690 uem
429 1629 549 1690 dicimus
571 1627 697 1689 claustra
719 1638 746 1689 et
760 1626 872 1697 clostra,
895 1631 962 1688 item
976 1629 1098 1690 caudam
1112 1641 1139 1691 et
1153 1631 1252 1692 codam

173 1725 200 1776 et
221 1713 352 1786 similla),
367 1707 426 1775 'sed
448 1720 478 1773 et
497 1711 626 1792 append.
643 1710 732 1772 Probi
755 1730 784 1791 p.
805 1713 875 1786 199,
900 1713 938 1776 18
960 1715 1049 1790 (iuter
1070 1725 1204 1776 austrum
1226 1726 1252 1776 et

64 1864 71 1871 ,
144 1850 148 1857 ,
173 1808 283 1862 osteum
304 1797 355 1860 bae
378 1803 496 1860 interest
518 1799 593 1878 quod
605 1808 869 1859 ausuumoeutum
881 1797 1034 1877 aspamam,
1058 1808 1168 1861 ostrum
1183 1818 1250 1862 nero

168 1903 335 1966 purpuram
357 1902 413 1945 esse
434 1884 631 1958 demonstrat),
655 1882 894 1961 qnandoquidem
912 1883 970 1944 boe
984 1883 1156 1963 praecipere
1173 1903 1249 1964 opus

170 1970 235 2031 luit.
268 1987 359 2049 quare
381 1987 420 2030 ne
434 1968 463 2028 id
479 1967 598 2047 quidem
613 1965 807 2047 improbabile
823 1975 877 2043 est,
899 1966 989 2028 llarci
1006 1967 1119 2029 Claudii
1138 1989 1247 2031 nomen

171 2073 253 2117 mero
277 2053 463 2115 librariorum
486 2071 587 2114 errore
609 2070 645 2112 ex
666 2051 758 2112 ldario
780 2051 876 2112 Plotio
900 2062 1001 2113 natum
1024 2071 1101 2114 esse.
1123 2088 1167 2100 -

257 2139 327 2199 l’ro.
344 2140 406 2202 903
423 2156 466 2217 sq.
483 2137 595 2199 Helena
610 2145 713 2198 contra
729 2136 951 2199 Andromachae
962 2136 1161 2218 Hecubaeque
1176 2158 1249 2201 con·

171 2224 243 2285 vicia
267 2241 385 2285 causam
407 2241 490 2284 suam
512 2222 590 2284 tueri
613 2231 745 2283 conatur.
783 2229 871 2300 atque
894 2241 955 2285 non
974 2223 1031 2284 sibi
1045 2222 1116 2284 belli
1131 2226 1248 2305 eulpam

170 2309 373 2388 imputandam
398 2326 462 2369 esse
484 2307 531 2368 bis
552 2306 648 2368 verbis
672 2306 808 2368 evincere
831 2305 939 2382 studet,
962 2326 1037 2386 qnae
1055 2310 1153 2371 statim
1169 2319 1250 2372 recte

172 2393 309 2455 distincta
332 2393 485 2467 ascribam,
513 2411 539 2451 v.
563 2394 641 2455 917:

684 2495 770 2538 eausa
792 2475 930 2539 bellonam
953 2478 1003 2556 fui

377 2573 524 2641 tantaeque
550 2559 573 2621 Τ
572 2566 664 2623 cumis
685 2559 795 2623 obedis?
820 2561 870 2622 boc
891 2581 993 2624 vuum
1011 2573 1093 2642 puta,

307 2678 311 2687 ·
375 2645 521 2726 Spartana
539 2650 645 2727 puppis
668 2657 763 2708 vestra
785 2651 812 2707 si
831 2651 918 2708 secuit
939 2651 1035 2726 freta3

374 2735 420 2792 siu
441 2743 526 2811 rapta
548 2729 682 2810 Pbrpqt'is
700 2733 812 2812 praeda
834 2734 989 2812 remiqr'bus
1010 2733 1060 2811 fui

375 2816 501 2897 deditque
523 2817 631 2878 donuae
653 2818 742 2878 iudici
762 2820 871 2878 ne'etrt'c
895 2819 956 2890 dea,

373 2903 482 2979 e'puosce
504 2899 617 2962 Paridi.

170 2997 200 3050 at
215 3006 271 3049 nec
286 2994 426 3048 accusant
440 2985 575 3047 Paridem
591 3004 647 3048 neo
662 2985 726 3047 eius
742 3004 859 3047 causam
874 2985 985 3047 Helena
1000 2986 1059 3065 agit
1078 2987 1129 3048 sed
1145 3006 1243 3050 suam:

170 3073 306 3153 queritur
327 3079 423 3133 autem
447 3090 479 3133 se
501 3090 517 3132 a
540 3070 645 3132 Paride
666 3078 790 3150 raptam,
812 3089 828 3131 a
851 3070 965 3132 Venere
988 3072 1131 3151 praedoni
1155 3073 1245 3135 desti·

169 3165 266 3219 natam
289 3175 363 3219 esse.
402 3155 473 3218 dicit
494 3155 599 3234 igitur:
627 3174 674 3218 me
696 3155 766 3217 belli
788 3173 905 3217 causam
927 3156 1020 3219 luisse
1041 3175 1145 3219 rerum
1168 3166 1245 3220 esset

169 3243 194 3303 si
216 3243 294 3304 ultro
318 3243 353 3303 ad
368 3259 420 3302 vos
437 3241 567 3321 prolecta
584 3258 695 3317 ossem3
719 3241 766 3302 sin
781 3241 871 3302 inrita
886 3261 901 3303 a
917 3240 1053 3304 Troianis
1068 3250 1152 3324 rapta
1167 3261 1244 3317 eom,

169 3336 249 3389 certe
271 3346 338 3389 oum
360 3326 444 3388 venia
466 3344 528 3387 ero.
558 3325 586 3386 id
610 3325 691 3405 quod
713 3333 830 3406 poetam
852 3325 896 3387 sic
917 3326 1025 3388 dixisse
1049 3328 1202 3391 existimo:

371 3415 482 3490 tpaosce
498 3412 671 3491 praedae.

169 3513 194 3554 v.
215 3498 293 3559 llll
319 3495 438 3558 Hecuba
454 3495 604 3576 queritur:
723 3547 726 3553 .

575 3599 654 3643 mors
675 3591 776 3643 uotum
797 3599 901 3651 ιιιιιιιιι,

372 3666 535 3744 infantibus
556 3685 606 3729 uec
628 3665 704 3728 lenta
724 3666 885 3745 cirpiua‘bus
906 3669 993 3737 oecis,

370 3749 474 3831 ubique
491 3770 631 3832 properas
652 3770 755 3813 saeua:
780 3771 825 3813 me
845 3751 936 3814 solam
958 3755 1038 3813 times

372 3839 499 3917 vitasque
519 3836 629 3915 plads'os
650 3841 725 3898 iuter
745 3855 778 3898 ac
801 3835 856 3899 tela
877 3847 904 3897 et
926 3837 1004 3915 faces

371 3923 497 4001 quaesita
518 3931 579 3984 tata
600 3933 680 3984 nocte
702 3925 861 4002 cupientem
882 3923 971 4002 supas.
