2602 4380
116 192 174 253 tto
437 207 474 247 os
497 205 711 249 rxnurnaxusvs
734 205 862 249 cmrcrs.

111 378 146 419 ιιι
175 363 207 420 οι·
233 361 319 419 uomit
345 358 439 417 odorio
467 360 530 436 ipso
559 356 774 435 ttcterylceretur.
820 366 850 417 et
878 356 1004 435 insuper
1030 354 1183 437 Sophoclis

112 461 214 504 versus
237 443 303 521 (lrg.
328 442 417 515 teet:

315 518 335 606 ἡ
360 519 392 587 d'
418 519 564 599 ἐξοπίσω
587 520 680 607 χερὸς
703 520 795 605 ὄμμα
816 515 978 606 ορέιιοοο’

318 610 403 679 ὀπὸν
427 609 585 698 ἆργινεφῆ
609 613 774 693 οιάζοοοο
796 616 898 701 τομῆς

315 701 483 781 χαλκέοισι
505 697 618 775 κάδοις
640 700 768 780 δέχεται
790 697 845 765 κτὲ

113 789 221 848 docent
243 787 342 848 omnia
364 787 418 848 ista
441 787 564 847 chorum
589 787 741 848 cecinisse.
765 820 807 831 —

198 873 228 933 in
245 872 408 933 Troadibus
431 872 625 933 demonstrari
645 881 743 950 potest
758 873 825 950 plus
846 889 935 931 unam
950 869 1081 932 fabulam
1095 870 1186 933 Seno-

112 976 175 1018 cam
187 957 243 1018 sibi
259 957 420 1037 sumpsisse
436 957 515 1017 unde
529 957 677 1034 integrum
694 958 824 1017 efficeret
838 963 867 1015 et
881 963 983 1034 aptum
992 961 1055 1017 'suo
1067 955 1185 1034 ingenio

113 1053 330 1119 argumentum.
374 1042 537 1121 Sophocles
560 1049 589 1101 et
611 1041 769 1121 Euripides
790 1042 875 1102 binas
898 1040 1011 1101 fabulas
1037 1041 1074 1101 de
1097 1040 1186 1101 Troa-

113 1129 182 1188 dum
205 1133 274 1205 post
295 1125 377 1187 urbis
400 1126 546 1187 excidium
572 1125 638 1185 latis
653 1127 842 1204 scripserant.
879 1125 910 1185 in
927 1124 1055 1205 Captivis
1070 1124 1186 1204 Sopbo·

112 1212 186 1272 clem
203 1211 384 1289 Astyanactis
407 1222 531 1271 mortem
554 1218 693 1271 tractasse
715 1229 839 1288 eamque
854 1208 983 1270 tabulam
998 1209 1036 1269 ab
1051 1210 1143 1271 Accio
1158 1210 1186 1269 in

113 1299 285 1374 Astyanacte
309 1313 476 1373 expressam
493 1313 557 1355 esse
572 1295 763 1373 probabiliter
778 1294 952 1356 Welckerus
966 1294 1080 1355 statuit.
1111 1293 1186 1355 idem

112 1381 276 1459 Polyxenac
297 1388 423 1440 mortem
446 1387 475 1439 et
497 1374 675 1443 ἀπόπλουν
692 1381 722 1441 in
738 1380 895 1459 Polyxena,
919 1378 1079 1458 Euripides
1102 1370 1186 1441 ἀπό·

113 1464 219 1527 πλοον
242 1465 287 1526 bis
309 1464 449 1540 tractavit,
472 1464 593 1525 alterius
608 1484 742 1526 scaenam
758 1465 790 1525 in
806 1465 890 1525 Asiae
904 1463 1028 1524 alterius
1043 1464 1074 1523 in
1092 1464 1187 1525 Euro·

113 1570 167 1628 pae
182 1550 268 1610 litore
283 1559 429 1611 statuens:
455 1549 537 1627 prior
552 1549 729 1629 Polyxenam
746 1548 976 1623 sacrificandam,
993 1547 1187 1609 Cassandram

114 1635 328 1709 vaticinantem,
351 1634 492 1695 Helenam
511 1652 600 1715 ream,
624 1634 805 1713 Astyanactis
822 1642 945 1695 mortem
961 1643 992 1694 et
1005 1634 1101 1695 funus
1115 1653 1187 1695 con·

112 1721 187 1781 tinet
215 1728 244 1779 et
271 1719 302 1780 in
333 1718 439 1779 Troiae
467 1719 604 1779 incendio
634 1719 796 1797 classisque
824 1718 1010 1796 protectione
1038 1718 1188 1797 praeclaro

113 1805 303 1878 terminatur;
327 1804 358 1864 in
381 1805 470 1865 altera
486 1803 651 1883 Polyxenac
673 1822 765 1883 purae
787 1802 909 1881 virginis
931 1803 1040 1863 misera
1061 1822 1146 1864 mors
1160 1814 1188 1865 ot

111 1889 320 1968 Polymestoris
343 1888 445 1949 notarii
468 1889 596 1948 bominis
620 1889 739 1949 crudele
761 1887 944 1967 supplicium
973 1888 1094 1965 egregie
1116 1906 1187 1951 con·

112 1975 278 2052 iunguntur
296 2007 338 2017 -
361 1974 439 2052 quod
463 1972 514 2050 qui
537 1973 762 2051 reprehendunt
784 1982 814 2034 et
836 1972 919 2051 quasi
941 1970 1093 2051 duplicem
1117 1974 1187 2035 acli-

112 2078 200 2119 onem
223 2060 405 2136 vituperant,
427 2076 528 2118 secum
551 2065 690 2136 reputent
711 2075 820 2136 quaeso
844 2066 954 2135 quanto
977 2057 1138 2119 inlortuuii
1160 2068 1187 2119 et

111 2143 235 2203 iniuriae
259 2143 377 2203 cumulo
400 2152 468 2202 ante
492 2149 689 2219 spectatorum
714 2142 817 2203 oculos
839 2141 925 2202 obrui
939 2140 1095 2203 Hecubam
1110 2160 1186 2221 opus

111 2228 217 2302 luerit,
248 2246 307 2305 quo
330 2226 462 2287 mulieris
484 2226 600 2287 animus
624 2235 681 2287 tam
704 2227 811 2288 atrocis
834 2225 950 2287 consilii
973 2235 1002 2287 et
1024 2236 1086 2287 tam
1108 2238 1186 2297 atro-

111 2312 185 2373 citer
208 2310 371 2389 exequendi
394 2329 485 2390 capax
506 2312 570 2371 fieri
593 2312 749 2372 videretur.
783 2311 934 2389 Euripidis
949 2310 1119 2373 fabularum
1133 2312 1185 2373 Se·

112 2415 183 2457 noca
206 2414 267 2455 non
290 2396 408 2456 alteram
432 2406 528 2456 utram
551 2404 672 2457 secutus
695 2404 754 2470 est,
785 2396 836 2456 sed
858 2395 1024 2475 Polyxenac
1048 2407 1078 2458 et
1101 2397 1185 2477 Asty·

111 2480 221 2542 anoctis
244 2488 368 2540 mortem
391 2499 450 2540 non
475 2479 589 2540 inlabro
611 2481 689 2541 inter
712 2501 744 2541 se
763 2480 924 2541 coniunxit.
963 2489 1032 2559 post
1047 2480 1185 2543 Hecubae

111 2575 140 2624 et
167 2565 250 2625 ebori
277 2564 403 2625 lamenta
425 2583 479 2642 per
501 2564 687 2643 Talthybium
710 2565 851 2627 certiores
876 2567 963 2625 limus
987 2566 1134 2627 Achillem
1154 2567 1185 2627 in

110 2650 197 2710 busto
227 2657 445 2728 comparentem
475 2650 651 2729 Polyxenam
682 2650 737 2711 sibi
767 2650 974 2711 immolandam
1000 2652 1183 2729 poposcisse

111 2754 167 2812 qua
191 2735 226 2794 de
250 2753 281 2794 re
303 2734 392 2795 multa
415 2735 492 2795 inter
515 2754 547 2794 se
562 2735 716 2796 conviciati
731 2735 863 2814 Pyrrhus
879 2745 907 2796 et
923 2738 1104 2812 Agamemno
1121 2735 1183 2798 tal-

111 2820 214 2879 cbanta
237 2819 384 2893 invocant,
407 2819 457 2896 qui
481 2828 597 2897 praeter
612 2820 788 2900 Polyxenam
805 2819 972 2901 Astyanacti
991 2837 1115 2900 quoque
1130 2839 1183 2902 pro

109 2904 210 2964 classis
232 2903 327 2964 reditu
350 2903 536 2964 moriendum
560 2906 741 2984 pronuntiat.
787 2906 934 2967 canticum
959 2905 995 2966 de
1018 2905 1183 2968 animarum

109 2989 326 3049 immortalitate
348 2989 551 3049 Andromacha
582 2990 690 3068 excipit
718 3009 793 3070 quae
824 2999 853 3052 et
879 2992 942 3068 ipsa
964 2991 994 3050 in
1018 3008 1126 3052 somno
1148 2990 1182 3054 ab

110 3073 236 3135 Hectore
258 3074 369 3134 monita
392 3081 436 3133 est
458 3084 491 3133 ut
510 3077 683 3153 Astyanacta
707 3075 826 3136 Graecis
849 3073 1015 3148 subtrabat;
1041 3095 1131 3154 quem
1152 3078 1181 3137 in

108 3159 199 3238 patris
222 3158 308 3220 busto
331 3158 493 3220 latitantem
516 3159 613 3220 Ulixes
636 3160 703 3219 dolo
726 3160 756 3221 in
779 3160 877 3221 lucem
902 3166 1090 3239 mortemque
1113 3180 1180 3241 pro·

107 3245 205 3305 trabit.
240 3244 351 3304 Helena
367 3245 537 3322 nuptiarum
553 3244 638 3305 titulo
653 3244 831 3323 Polyxenam
847 3245 1009 3305 obductura
1024 3248 1181 3309 confitetur

108 3330 239 3389 fraudem
269 3337 298 3389 et
327 3348 343 3389 a
371 3328 545 3389 criminibus
575 3348 607 3389 se
629 3347 756 3408 purgare
779 3329 885 3391 studet.
930 3328 1110 3408 Polyxenam
1132 3331 1181 3393 ab·

109 3414 223 3474 ductam
241 3413 347 3493 Pyrrbi
369 3413 465 3492 gladio
488 3422 650 3488 mactatam,
673 3418 844 3492 Astyanacta
866 3415 902 3475 ab
925 3413 1009 3475 Ulixe
1030 3416 1109 3477 turri
1130 3416 1180 3477 de·

107 3497 214 3556 iectum
240 3517 305 3559 esse
320 3499 444 3560 nuntius
460 3499 560 3559 refert.
591 3498 718 3576 denique
733 3499 856 3561 classem
871 3499 928 3560 iam
943 3500 1080 3561 secundo
1095 3510 1179 3563 vento

109 3582 306 3659 profecturam
330 3583 459 3660 captivae
480 3591 596 3662 petunt.

192 3665 342 3744 Euripidis
353 3668 482 3728 Troadas
497 3686 513 3727 a
525 3667 638 3728 Seneca
651 3676 816 3746 respectam
828 3688 894 3730 esse
905 3669 1043 3748 plerique
1054 3680 1180 3733 statuere

107 3749 153 3818 tl).
170 3749 273 3810 Heius.
296 3769 325 3828 p.
341 3753 402 3813 317
426 3752 471 3812 ed.
495 3752 619 3813 Scriver.
643 3751 827 3814 Habruclrer.
847 3773 876 3833 p.
894 3755 931 3817 37
948 3751 1029 3829 alii);
1053 3764 1084 3817 et
1105 3766 1179 3818 troo·

107 3846 185 3896 tatur
200 3834 318 3912 quidem
334 3834 364 3895 iu
379 3835 428 3896 illa
440 3837 624 3915 Astyanactis
634 3855 725 3912 mors,
741 3839 951 3917 perstringitur
962 3846 1081 3901 tantum
1096 3839 1179 3919 Poly·

106 3939 207 3981 xenae.
245 3928 303 3980 tam
325 3919 416 3982 libere
431 3930 529 3983 autem
544 3921 657 3985 Seneca
672 3922 844 4002 Euripidem
860 3933 980 3987 secutus
995 3926 1100 4002 estut,
1123 3922 1179 3989 nisi
