2580 4366
142 205 184 267 ta
526 224 554 265 ι.
577 223 683 266 anunm
703 223 830 267 enuncan

141 373 218 435 falti:
247 381 362 453 paratas
384 373 499 454 perpeti
522 383 647 436 mortem
669 373 759 435 vides.

141 477 207 520 nnc.
254 458 369 519 Vtinam
391 458 506 520 iuberet
528 477 576 519 me
598 475 717 537 quoque
740 459 888 539 interpres
910 460 997 520 deum

142 543 319 623 abrumpere
341 562 413 604 ense
435 544 511 604 lucis
532 542 643 604 invisae
667 561 766 605 moras

142 628 187 688 vel
210 628 331 688 Achillis
353 637 421 689 ante
443 627 528 690 busta
552 627 709 690 furibunda
732 646 821 689 manu

142 712 277 774 cecidere
299 711 414 792 Pyrrhi,
437 713 494 774 lata
516 713 705 773 comitantem
727 721 786 786 tua,

142 796 291 877 Polyxene
313 798 487 872 miseranda,
511 815 599 876 quam
621 797 696 858 tradi
719 797 774 858 sibi

142 883 332 961 cineremque
356 883 484 944 Achilles
505 891 574 944 aute
595 881 717 943 mactari
739 900 836 957 suum,

142 984 246 1045 campo
268 966 391 1028 maritus
413 976 447 1028 ut
469 967 506 1028 sit
528 966 639 1047 Elysio,
664 965 756 1029 iubet.

69 1067 72 1079 ·
141 1070 227 1111 uuna.
271 1051 343 1112 Vide
367 1059 399 1112 ut
421 1053 536 1113 animus
559 1053 666 1130 ingens
687 1052 781 1112 laetus
803 1052 930 1115 audierit
952 1072 1064 1115 necem.

142 1136 240 1197 cultus
263 1137 386 1198 decoros
408 1137 506 1215 regiae
527 1136 616 1197 restis
641 1136 715 1214 petit

143 1228 172 1282 ct
193 1220 340 1282 admoveri
363 1221 496 1282 crinibus
518 1221 629 1301 patitur
650 1238 779 1282 manum.

142 1315 267 1366 mortem
291 1305 412 1384 putabat
434 1305 515 1381 illud,
538 1305 596 1367 hoc
618 1305 760 1366 thalamos
782 1315 875 1385 putat.

142 1400 172 1451 at
193 1390 299 1451 misera
322 1391 404 1451 luctu
427 1400 521 1452 mater
543 1390 641 1451 audito
665 1399 782 1469 stupet;

141 1473 281 1536 labetacta
305 1493 389 1535 mens
412 1473 578 1536 succubuit.
623 1492 753 1552 assurge,
779 1475 868 1536 alleva

66 1624 68 1628 Α
142 1559 272 1620 animum
296 1569 325 1621 et
347 1560 509 1635 cadentem,
532 1559 649 1635 misera,
672 1560 755 1619 firma
778 1558 924 1638 spiritum.

142 1661 231 1722 quam
253 1645 352 1706 tenuis
374 1645 469 1706 anima
491 1645 609 1705 vinculo
631 1642 741 1723 pendet
762 1644 818 1704 levi
840 1678 882 1688 -

141 1729 296 1790 minimum
320 1729 466 1808 estquod
489 1728 638 1789 Hecubam
663 1729 758 1789 lacere
780 1729 895 1789 felicem
917 1737 1025 1808 potest.

141 1814 243 1893 spirat,
266 1814 378 1878 revixit.
423 1815 517 1894 prima
540 1831 621 1874 mors
643 1814 767 1874 miseros
789 1813 874 1893 fugit.

477 1963 626 2027 Hecvba

229 2067 331 2128 Adbuc
354 2066 483 2127 Achilles
504 2066 573 2126 vivit
594 2065 625 2126 in
648 2084 760 2145 poenas
782 2063 954 2144 Phrygum?

141 2151 239 2212 adhuc
262 2149 405 2212 rebellat?
450 2169 467 2210 ο
490 2168 610 2211 manum
632 2150 745 2212 Paridis
768 2151 872 2212 levem.

143 2235 219 2296 cinis
241 2234 305 2314 ipse
328 2245 464 2297 nostrum
487 2235 662 2314 sanguinem
684 2254 718 2296 ac
741 2236 872 2297 tumulus
898 2235 968 2296 sitit.

142 2319 231 2380 modo
253 2320 338 2381 turba
362 2321 429 2382 felix
451 2320 541 2380 latera
562 2319 698 2399 cingebat
720 2338 794 2395 mea,

141 2404 271 2465 lassabar
292 2405 323 2465 iu
345 2413 390 2466 tot
411 2404 512 2466 oscula
534 2413 563 2465 et
584 2413 698 2466 tantum
722 2422 841 2484 gregem

142 2488 271 2549 dividere
293 2500 431 2564 matrem;
459 2489 523 2550 sola
545 2507 628 2550 nunc
650 2489 721 2550 baec
743 2497 900 2569 estsuper

141 2580 252 2648 votum,
275 2592 383 2649 comes,
406 2575 536 2635 levamen
559 2574 693 2650 afflictae,
717 2574 818 2653 quies3

142 2659 215 2720 haec
236 2666 317 2737 totus
340 2659 477 2721 Hecubae
499 2660 586 2735 letus,
610 2659 663 2720 bac
685 2659 747 2719 sola
768 2677 859 2720 vocor

142 2743 198 2804 iam
222 2762 293 2805 voce
315 2753 416 2806 mater.
461 2744 533 2804 dura
555 2754 585 2805 et
607 2743 709 2804 infelix
731 2760 784 2821 age

142 2828 257 2890 elabere
280 2829 392 2904 anima,
416 2827 544 2907 denique
567 2828 624 2888 buc
646 2846 741 2889 unum
764 2827 836 2888 mihi

142 2913 258 2975 remitte
280 2915 380 2975 sunus
425 2914 533 2990 inrigat
554 2914 642 2974 fletus
668 2931 759 2992 genas

141 2998 296 3077 imberque
316 2998 393 3059 victu
416 2997 532 3059 subitus
554 3016 571 3058 e
593 2999 674 3058 vultu
697 2996 783 3058 cadit.

141 3101 226 3145 aunn.
271 3082 331 3144 Nos
353 3082 483 3156 Hecuba,
507 3100 572 3158 ncs,
594 3100 661 3158 nos,
683 3081 813 3158 Hecuba,
835 3081 981 3160 lugendae
1002 3100 1116 3159 sumus,

142 3186 215 3248 quas
236 3179 315 3229 mota
338 3167 439 3229 classis
460 3167 520 3227 huc
543 3174 572 3228 et
592 3167 652 3227 buc
673 3184 790 3246 sparsas
811 3167 901 3243 leret3

141 3253 220 3314 banc
242 3271 308 3314 cara
331 3252 419 3315 tellus
441 3251 562 3313 sedibus
584 3251 686 3331 patriis
709 3259 796 3330 teget.

141 3356 207 3399 nnn.
251 3337 343 3416 Magis
366 3336 519 3411 invidebis,
542 3336 567 3397 si
589 3345 669 3398 tuam
691 3344 801 3398 sortem
825 3336 909 3397 scies

141 3440 226 3483 anun.
272 3424 317 3482 An
340 3421 435 3501 aliqua
457 3439 571 3500 poenae
593 3439 662 3500 pars
684 3439 767 3481 meae
788 3421 889 3500 ignota
912 3429 956 3482 est
977 3419 1072 3482 mibi?

140 3525 206 3568 nnn.
250 3507 370 3570 Versata
392 3506 528 3568 dominus
550 3523 624 3567 urna
647 3505 768 3585 captivis
790 3504 878 3567 dedit.
1037 3508 1040 3515 '

140 3608 227 3651 anun.
272 3589 326 3654 Cui
347 3591 455 3653 famula
476 3588 597 3652 tradcr‘l
624 3590 693 3666 ede;
723 3608 811 3669 quem
833 3589 987 3652 dominum
1008 3588 1105 3650 rocol

226 3808 278 3859 ult
295 3807 464 3875 Polyxena&
524 3809 574 3860 959
592 3807 618 3858 in
636 3810 755 3872 totum}
779 3812 806 3859 et
823 3811 905 3860 totum
924 3809 977 3874 Ες
994 3811 1104 3860 conset
1163 3813 1213 3864 965

139 3872 292 3995 3101151ιίἶὲᾱῇ
310 3944 335 3994 Α
362 3878 421 3928 967.
444 3879 495 3930 968
512 3880 575 3942 port
591 3891 616 3929 υ.
633 3874 685 3928 978
703 3878 811 3926 troiam
827 3874 968 3928 Ilicbtmoe
1041 3879 1093 3931 972
1111 3877 1215 3944 sciasg
