2580 4366
109 216 151 278 60
493 232 521 273 u.
543 232 648 274 sunum
669 231 796 275 sennenn

35 432 39 439 .
109 384 284 463 animosque
306 390 428 457 veteres,
451 401 535 444 sume
557 400 633 461 quos
656 401 741 446 casus
764 383 851 446 dedit.

111 487 149 530 en
172 468 297 541 intuere,
321 468 407 528 turba
430 486 505 547 quae
526 469 619 530 simus
641 487 753 549 supere

109 554 252 630 tumulus,
275 571 360 633 puer,
383 553 510 632 captiva:
538 553 703 615 cedendum
725 560 769 615 est
790 554 883 616 malis.

109 646 225 701 sanctas
247 638 379 718 parentis
402 638 513 700 conditi
535 639 619 700 sedes
641 656 695 717 age

108 724 184 785 aude
207 724 317 785 subire.
362 723 419 784 lata
441 723 466 783 si
488 723 613 784 miseros
635 723 745 801 iuvant,
1138 740 1187 790 510

108 808 199 871 babes
222 809 362 883 salutem;
392 809 449 870 lata
471 809 496 869 si
519 809 605 870 vitam
628 818 747 887 negant,

108 893 199 956 babos
221 893 422 974 sepulchrum.
488 912 550 954 suu.
596 893 727 966 Claustra
750 894 938 956 commissum
962 903 1082 975 tegunt;

108 997 197 1058 quem
221 999 258 1041 ne
280 987 351 1040 tuus
373 979 517 1057 producat
539 978 569 1039 in
592 979 721 1040 medium
746 980 843 1054 timor,

108 1065 214 1144 procul
236 1065 307 1125 binc
329 1063 433 1124 recede
455 1071 544 1141 teque
567 1064 709 1125 diversam
733 1083 842 1125 amove.

108 1168 193 1210 anon.
238 1150 344 1211 Levius
366 1148 441 1209 solet
463 1149 577 1224 timere,
600 1149 651 1228 qui
673 1150 797 1230 propius
821 1151 918 1226 timet;
1136 1164 1184 1215 515

108 1236 170 1310 sed,
192 1236 218 1296 si
239 1234 344 1314 placet,
368 1234 532 1295 referamus
553 1234 624 1295 hinc
645 1234 702 1295 alio
724 1235 839 1314 pedem.

109 1338 172 1381 suu.
216 1318 327 1380 Cohibe
349 1337 509 1398 parumper
531 1338 583 1379 ora
606 1331 789 1399 questusque
811 1322 961 1401 opprime:

110 1423 230 1484 gressus
253 1404 395 1465 nefandos
418 1403 477 1464 dux
501 1403 712 1483 Cephallanum
735 1406 876 1468 admovet.

109 1509 194 1551 anon.
238 1488 363 1550 Dehisce
385 1488 473 1550 tellus
495 1497 596 1567 tuque,
620 1491 760 1565 coniunx,
787 1492 890 1552 ultimo

109 1593 201 1655 specu
224 1574 368 1636 revulsam
392 1574 493 1635 scinde
514 1573 650 1635 tellurem
672 1583 701 1636 et
722 1576 820 1655 Stygis

110 1662 178 1721 sinu
200 1659 349 1740 profundo
372 1659 467 1719 conde
490 1660 655 1738 depositum
678 1679 785 1721 meum.

109 1746 192 1807 adest
212 1744 320 1819 Vlixes,
343 1744 512 1822 etquidem
535 1744 624 1805 dubio
648 1746 740 1824 gradu

109 1831 269 1910 vultuque:
299 1829 391 1891 nectit
412 1838 533 1908 pectore
555 1839 636 1892 astus
658 1830 788 1892 callidos.

424 1980 560 2042 VLlXES

194 2084 291 2144 Durae
314 2081 448 2143 minister
471 2082 559 2143 sortis
580 2084 638 2143 boc
660 2085 789 2163 primum
812 2093 892 2164 peto,

109 2177 152 2245 ut,
176 2186 228 2229 ore
251 2167 383 2246 quamvis
405 2167 493 2228 verba
514 2168 652 2229 dicantur
674 2188 749 2244 meo,

110 2272 170 2315 non
194 2272 259 2315 esse
282 2253 384 2314 credas
407 2261 523 2313 nostra:
554 2252 708 2314 Graiorum
732 2253 863 2315 omnium

109 2356 329 2418 procerumque
351 2355 406 2397 vox
429 2346 483 2411 est,
506 2345 608 2417 petere
631 2357 705 2418 quos
727 2357 808 2400 seras
830 2340 934 2402 domos

109 2422 253 2484 Hectorea
277 2423 395 2483 suboles
418 2422 572 2502 prohibet:
604 2424 680 2484 hanc
701 2425 759 2486 fata
782 2432 933 2504 expetunt.

109 2508 234 2570 sollicita
256 2509 372 2569 Danaos
394 2507 475 2587 pacis
497 2507 627 2570 incertae
651 2508 723 2569 fides

109 2611 227 2672 semper
248 2593 371 2667 tenebit,
394 2610 512 2671 semper
533 2612 549 2653 a
571 2603 655 2673 tergo
677 2594 766 2654 timor

108 2678 257 2758 respicere
279 2686 365 2757 coget
386 2696 466 2738 arma
490 2696 546 2738 nec
568 2680 639 2759 poni
662 2679 747 2754 sinet,

108 2764 179 2825 dum
203 2763 369 2843 Phrygibus
391 2763 505 2824 animos
528 2774 614 2824 natus
637 2765 746 2825 eversis
768 2764 857 2840 dabit,

109 2848 323 2923 Andromacha,
345 2856 451 2909 vester.
495 2867 591 2927 augur
611 2849 683 2909 haec
705 2849 827 2911 Calchas
849 2850 943 2925 canit;

109 2942 148 3008 et,
171 2935 196 2995 si
219 2941 329 2994 taceret
351 2950 446 3012 augur
467 2933 540 2994 baec
562 2931 693 3010 Calchas,
715 2943 812 2996 tamen

109 3018 224 3081 dicebat
245 3017 366 3093 Hector,
389 3018 474 3079 cuius
497 3026 526 3080 et
547 3019 669 3098 stirpem
692 3020 817 3080 horreo:

109 3121 253 3182 generosa
275 3103 306 3164 in
330 3111 412 3164 ortus
435 3105 547 3164 semina
570 3112 717 3183 exurgunt
744 3122 824 3166 suos.

108 3189 151 3250 sic
173 3189 223 3250 ille
245 3188 343 3267 magni
365 3206 473 3268 parvus
495 3189 621 3250 armenti
646 3207 745 3250 comes

108 3274 271 3354 primisque
294 3273 426 3335 nondum
451 3274 592 3335 cornibus
613 3274 729 3335 findens
752 3282 849 3335 cutem

110 3359 223 3421 cervice
245 3358 343 3420 subito
367 3358 463 3420 celsus
486 3366 515 3419 et
537 3359 635 3420 fronte
658 3359 767 3420 arduus

110 3461 228 3523 gregem
251 3452 408 3524 paternum
431 3442 512 3504 ducit
533 3462 567 3506 ac
588 3444 689 3523 pecori
712 3444 852 3523 imperat;

109 3546 184 3607 quae
205 3538 306 3590 tenera
330 3546 414 3589 caeso
437 3528 516 3607 virga
539 3528 575 3589 de
597 3538 703 3590 trunco
726 3529 817 3604 stetit,

108 3631 163 3692 par
183 3613 248 3692 ipsa
270 3614 356 3674 matri
378 3622 512 3694 tempore
534 3614 640 3692 exiguo
665 3612 745 3676 subit

194 3765 245 3816 blo
263 3763 397 3815 miseroll
450 3767 499 3817 518
517 3763 726 3830 Cephaleonmg
778 3764 828 3815 520
846 3766 873 3814 et
889 3760 974 3815 om.A
1026 3764 1077 3816 524
1094 3778 1183 3815 nom

108 3845 222 3881 scaenae
239 3832 363 3882 inscribit
379 3831 475 3884 Vlixes.
492 3830 669 3884 Andromacha
687 3832 711 3883 u
771 3832 821 3883 533
840 3830 889 3882 hoc
906 3834 977 3895 ς.-
994 3844 1083 3884 caecas
1102 3830 1135 3884 Ε.
1146 3858 1182 3871 -

108 3900 194 3950 vester
211 3913 233 3950 a.
247 3898 273 3951 h.
293 3899 320 3950 (l.
339 3900 407 3951 canit
424 3899 630 3951 Andromachae
647 3901 730 3951 datur
747 3904 773 3949 et
790 3901 841 3951 534
858 3914 954 3950 rursm
965 3895 1078 3951 VtmaA
1130 3902 1181 3954 534

109 3965 211 4032 ιὶείς
281 3969 330 4019 536
349 3967 439 4019 hortus
457 3967 482 4017 ll
