2602 4380
497 242 642 286 nnncvtns
657 228 786 304 [roanos]

106 390 141 451 de
157 409 204 452 me
221 390 382 470 triumphat
397 399 425 452 et
436 392 611 472 superbifica
627 412 716 455 manu

106 485 202 537 atrum
219 495 271 555 per
283 475 372 536 urbes
389 477 469 537 ducit
484 478 634 556 Argolicas
650 498 762 540 canem.

105 562 167 621 viso
183 560 331 622 lahantem
347 560 475 623 Cerbero
491 562 549 623 vidi
564 563 641 624 diem

106 646 302 726 pavidumque
317 646 432 721 Solem;
449 665 496 708 me
512 665 631 726 quoque
645 648 752 711 invasit
766 657 887 727 tremor,

106 739 135 792 et
150 741 233 792 terna
248 731 373 791 monstri
390 731 464 793 colla
480 732 584 795 devicti
599 733 720 796 intuens

105 817 190 877 timui
205 817 376 895 imperasse.
407 816 478 878 levia
494 817 545 878 sed
561 817 685 879 nimium
701 837 826 898 queror;

106 902 186 963 caelo
203 901 367 962 timendum
383 911 437 976 est,
453 920 544 980 regna
560 922 597 964 ne
612 921 725 965 summa
741 914 869 986 occupet

105 987 156 1066 qui
172 986 240 1046 vicit
255 987 327 1046 ima:
349 996 465 1066 sceptra
479 987 641 1067 praeripiet
656 989 741 1069 patri.

106 1091 162 1132 nec
178 1072 208 1132 in
225 1079 302 1132 astra
317 1071 396 1132 lenta
410 1072 508 1132 veniet
522 1079 555 1133 ut
565 1073 681 1134 Bachus
696 1075 756 1135 via:

106 1157 163 1218 iter
179 1156 402 1234 ruindquaeret
418 1165 447 1217 et
461 1176 552 1218 vacuo
567 1158 646 1218 volet

105 1259 230 1319 regnare
246 1243 367 1301 mundo.
397 1241 504 1303 robore
520 1251 640 1322 experto
656 1252 758 1318 tumet,

105 1337 134 1388 et
149 1345 237 1406 posse
250 1325 363 1387 caelum
378 1327 489 1387 viribus
505 1328 581 1388 vinci
596 1327 659 1389 suis

106 1412 208 1472 didicit
223 1411 361 1485 ferendo;
377 1411 507 1473 subdidit
522 1413 633 1474 mundo
649 1425 738 1493 caput

106 1516 161 1558 nec
176 1497 257 1557 flexit
272 1514 390 1558 umeros
406 1497 492 1557 molis
507 1497 668 1559 immensae
683 1498 768 1559 labor

105 1582 271 1660 meliusque
287 1581 364 1641 collo
380 1581 455 1642 sedit
469 1581 616 1643 Herculeo
631 1583 729 1663 polus.

105 1669 225 1728 immota
240 1666 337 1727 cervix
352 1665 448 1727 sidera
465 1675 494 1727 et
508 1668 622 1728 caelum
637 1667 705 1728 tulit

107 1763 134 1814 et
149 1771 196 1812 me
212 1758 413 1830 prementem:
430 1753 545 1829 quaerit
560 1752 596 1813 ad
612 1770 739 1831 superos
755 1752 838 1814 viam.

190 1835 285 1914 Perge
300 1836 353 1910 ira,
368 1853 460 1915 perge
477 1844 507 1898 et
522 1855 626 1916 magna
641 1836 832 1898 meditantem
848 1837 992 1917 opprime,

106 1921 296 1999 congredere,
313 1920 449 1982 manibus
465 1921 528 2000 ipsa
544 1921 671 1983 dilacera
686 1923 760 1984 tuis:

106 2007 177 2086 quid
190 2014 270 2067 tanta
283 2006 402 2066 mandas
418 2003 508 2067 odia?
538 2006 689 2068 discedant
704 2007 791 2084 ierac,

105 2093 169 2171 ipse
185 2091 358 2171 imperando
374 2091 470 2152 tessus
486 2092 670 2171 Eurystheus
684 2099 775 2153 vacet.

105 2177 224 2238 Titanas
239 2195 326 2237 ausos
343 2194 482 2256 rumpere
498 2176 655 2256 imperium
671 2177 747 2238 lovis

105 2262 215 2335 emitte,
232 2261 323 2322 Siculi
339 2261 456 2323 verticis
471 2262 533 2323 taxa
549 2280 682 2341 specum,

106 2346 194 2408 tellus
211 2346 328 2424 gigante
343 2345 429 2406 Doris
446 2365 569 2408 excusso
585 2355 714 2408 tremens

106 2431 260 2511 supposita
275 2431 400 2491 monstri
416 2431 490 2492 colla
510 2432 629 2493 terrifici
643 2432 720 2493 levet
732 2467 774 2476 -

106 2517 157 2578 sed
172 2516 241 2577 vicit
255 2516 321 2577 ista.
351 2517 469 2594 quaeris
485 2517 603 2579 Alcidae
617 2513 742 2596 parem?

95 2620 193 2662 nemo
210 2609 254 2662 est
270 2600 328 2660 nisi
343 2600 423 2679 ipse:
441 2601 516 2662 bella
532 2602 589 2663 iam
604 2619 705 2663 secum
721 2609 811 2681 gerat.

105 2687 202 2748 adsint
216 2687 252 2746 ab
268 2685 327 2745 imo
340 2685 454 2746 Tartari
469 2686 562 2746 fundo
578 2686 688 2748 excitae

106 2771 295 2846 Eumenides
312 2770 411 2849 ignem
426 2771 576 2833 flammeae
591 2778 732 2851 spargant
748 2787 858 2845 comae,

105 2857 223 2936 viperea
238 2874 338 2917 saevae
353 2854 474 2916 verbera
490 2855 636 2918 incutiant
650 2874 767 2918 manus.

106 2943 116 3002 i
132 2960 224 3016 nunc,
240 2940 379 3019 superbe,
396 2940 533 3002 caelitum
548 2941 633 3003 sedes
648 2953 725 3020 pete,

78 3087 80 3091 .
105 3027 234 3087 humana
248 3036 356 3087 temne.
387 3025 443 3086 iam
459 3026 548 3106 Styga
563 3034 593 3087 et
606 3045 708 3087 manes
728 3025 807 3086 feros

107 3113 218 3190 fugisse
234 3107 352 3172 credis?
383 3110 431 3172 hic
446 3111 499 3172 tihi
515 3111 668 3174 ostendam
684 3109 804 3172 interos.

107 3197 250 3258 revocabo
266 3197 296 3256 in
313 3195 369 3257 alta
385 3197 532 3258 conditam
548 3195 683 3275 caligine,

107 3346 222 3398 sublimis
241 3345 303 3396 alias
321 3345 391 3398 Luna
409 3346 538 3413 concipiat
555 3345 622 3398 feras
1157 3353 1184 3396 8³

120 3527 122 3530 ·
193 3500 225 3550 62
244 3501 270 3548 et
287 3500 352 3547 tetra
370 3495 403 3561 A,
424 3496 484 3548 3m.
495 3498 514 3548 i.
524 3499 609 3550 raud
619 3495 704 3549 ἱίιιΕ
720 3502 790 3547 terna
808 3497 832 3544 Σ
849 3496 945 3560 (eterna
963 3496 1013 3561 M).
1031 3523 1065 3534 -
1083 3495 1184 3546 devicta

107 3567 132 3615 Σ
156 3565 262 3617 devicti:
288 3565 307 3615 ti
331 3580 365 3614 ex
383 3569 409 3615 ta
427 3568 445 3616 i.
464 3579 517 3617 raa.
538 3564 561 3615 Ε
647 3567 679 3617 63
702 3562 833 3614 minimum
850 3565 875 3612 Σ
891 3563 984 3615 [dim.
1002 3564 1075 3630 (inda
1091 3567 1110 3614 i.
1128 3577 1182 3614 ros.

107 3634 222 3698 nimium)
274 3636 306 3686 66
323 3632 407 3684 lenta:
426 3647 440 3682 a
459 3648 494 3682 ex
510 3647 541 3684 us
558 3632 618 3685 dm.
630 3632 743 3685 E.-ut
753 3630 875 3682 bacchus:
894 3631 979 3684 utbac
992 3635 1009 3682 i.
1023 3629 1184 3684 raa.2nt.E

107 3706 138 3754 dt
164 3701 226 3754 iter:
248 3701 343 3752 interi
363 3706 389 3752 et
406 3705 416 3752 t
435 3717 502 3753 eras.
522 3715 538 3751 n
556 3699 581 3750 Ε
656 3703 689 3754 68
710 3713 822 3765 expenso
839 3697 864 3750 A
934 3701 966 3750 '12
990 3699 1140 3767 mediusque
1158 3698 1184 3748 A

107 3773 139 3823 id
158 3771 214 3837 ipsa
232 3769 282 3820 iam
300 3770 382 3821 lacera
400 3769 426 3819 A
495 3771 523 3820 81
547 3769 662 3836 gigante:
681 3782 695 3819 e
714 3781 784 3816 corr.
804 3780 838 3816 eor
854 3765 877 3817 is
894 3765 920 3815 Ε
936 3765 1138 3834 (2mtgigante
1155 3763 1187 3817 Ν

107 3838 203 3904 giganti
222 3835 261 3901 Μ)
313 3840 345 3890 83
365 3837 450 3887 delevi
501 3838 533 3890 82
552 3843 578 3887 et
596 3839 628 3889 89
648 3835 683 3897 cf.
696 3833 771 3896 infra
790 3833 827 3884 ad
843 3849 867 3884 o.
878 3831 928 3884 123
980 3836 1081 3888 88-89
1099 3836 1184 3898 οπως

107 3909 139 3958 90
158 3906 229 3957 ferox
247 3905 271 3955 A
289 3905 354 3957 ieros
372 3906 397 3954 Σ
421 3903 870 3970 drm.(012m.r.ras.eaos)
937 3902 968 3952 91
990 3908 1051 3952 anto
1069 3901 1184 3955 naon

108 3974 193 4025 litoris
212 3989 226 4024 a
244 3973 260 4023 b
278 3973 367 4039 i2m?)
385 3976 524 4025 restitutus
542 3973 618 4038 ordo,
635 3988 712 4040 quom
732 3975 803 4022 tenet
817 3972 843 4020 Σ
954 4010 962 4017 .
1147 3990 1150 3995 ’
