2580 4366
568 225 698 268 rutundo

249 372 408 451 odiumque
431 375 508 453 perit
530 393 597 437 eum
620 377 706 438 iussit
727 379 834 451 Amor;

243 467 357 519 veteres
380 459 491 521 cedunt
513 461 633 540 ignibus
655 463 716 524 irae
738 497 780 508 —

247 542 317 620 qnid
340 544 426 623 plura
449 543 577 606 canam?
599 547 690 610 vincit
712 566 811 609 saevas

248 647 319 689 eura
343 647 494 691 novercas.

93 780 188 853 altrix,
211 782 329 859 profare
352 782 422 860 quid
446 783 539 857 seras3
562 801 692 862 quonam
715 785 747 845 in
770 784 835 846 loeo
860 796 903 846 est

93 862 215 942 regina?
239 867 331 926 saevis
353 868 455 946 eequis
478 876 523 928 est
544 869 669 929 flammis
691 867 822 931 modus?

450 1019 594 1080 NVTRIX

179 1136 254 1216 Spes
277 1136 357 1197 nulla
380 1145 494 1198 tantum
517 1157 606 1218 posse
628 1138 714 1200 leniri
737 1140 859 1216 malum,

94 1220 222 1298 finisque
244 1221 368 1282 flammis
390 1222 492 1284 nullus
515 1223 628 1284 insanis
652 1224 717 1285 erit.

94 1314 226 1366 torretur
247 1315 330 1367 aestu
353 1307 440 1368 tacito
465 1317 493 1369 et
515 1308 649 1370 inclusus
671 1327 801 1389 quoque,

94 1390 226 1469 quamvis
249 1400 375 1469 tegatur,
398 1393 534 1472 proditur
556 1394 638 1455 vultu
660 1394 762 1471 luror3

45 1492 48 1496 “
94 1476 223 1555 erumpit
245 1477 339 1537 oeulis
361 1477 439 1556 ignis
456 1487 490 1539 et
512 1478 605 1539 lassae
629 1497 721 1558 genae

93 1559 190 1620 luoem
213 1564 367 1638 reeusanq'
385 1562 427 1623 nil
449 1563 526 1623 idem
551 1563 656 1625 dubiae
678 1563 776 1643 placet

94 1656 235 1725 artusque
258 1647 336 1707 varie
358 1649 446 1708 iactat
467 1649 600 1708 incertus
623 1648 717 1708 dolor.

94 1749 177 1792 nune
199 1740 231 1791 ut
253 1731 350 1793 soluto
373 1732 481 1793 labitur
503 1732 635 1793 moriens
658 1733 751 1811 gradu

94 1825 125 1877 et
145 1815 190 1875 vix
215 1815 330 1876 labante
353 1817 480 1878 sustinet
502 1816 579 1878 oollo
602 1826 701 1897 eaput,

94 1919 176 1961 nuno
198 1919 230 1961 se
253 1902 345 1979 quieti
368 1902 464 1962 reddit
486 1911 524 1979 et,
551 1903 648 1963 somni
671 1903 836 1978 immemor,

93 1996 210 2047 noctem
235 1987 363 2065 querelis
387 1987 483 2061 ducit;
507 1987 599 2048 attolli
622 1987 704 2048 iubet

93 2071 260 2149 iterumque
282 2073 354 2150 poni
378 2089 488 2152 corpus
510 2082 539 2134 et
562 2072 635 2133 solvi
659 2091 758 2133 eomas

93 2173 257 2235 rursusque
279 2157 367 2235 fingi:
391 2175 509 2237 semper
530 2157 689 2236 impatiens
715 2157 762 2217 sui

93 2249 224 2300 mutatur
246 2240 373 2301 habitus.
418 2242 499 2303 nulla
522 2242 580 2303 iarn
603 2242 718 2304 Cereris
741 2240 820 2304 subit

93 2344 164 2387 eura
187 2335 237 2387 aut
260 2324 378 2402 salutis;
400 2327 477 2388 vadit
499 2328 613 2389 incerto
636 2328 742 2406 pede,›

56 2426 64 2433 ·
92 2411 151 2470 iam
174 2410 286 2471 viribus
309 2411 435 2473 delecta:
460 2431 520 2473 non
544 2413 622 2474 idem
644 2411 738 2491 rigor,

93 2514 155 2556 non
179 2513 229 2556 ora
251 2497 393 2576 tinguens
415 2497 507 2559 nitida
528 2515 700 2578 purpureus
724 2496 832 2573 rubor;

93 2589 123 2641 et
145 2581 195 2659 qui
219 2580 352 2642 ferebant
374 2582 458 2660 signa
480 2582 635 2644 Phoebeae
656 2582 729 2642 laois

92 2666 173 2726 oonli
196 2666 270 2726 nihil
292 2667 401 2744 gentile
424 2686 480 2728 neo
501 2668 631 2747 patrium
653 2667 773 2752 micant.

92 2750 229 2811 lacrimae
252 2752 362 2814 eadunt
384 2771 438 2832 per
460 2771 512 2812 ora
534 2760 563 2813 et
584 2751 703 2813 assiduo
727 2770 820 2832 genae

92 2853 161 2895 rore
184 2835 355 2914 irrigantur,
378 2837 504 2916 qualiter
525 2837 615 2898 Tauri
641 2836 719 2916 iugis

92 2919 192 3000 tepido
215 2920 388 2983 madescunt
409 2922 503 2984 imbre
526 2940 685 3001 percussae
708 2921 799 2982 nives.

178 3006 235 3066 Sed
260 3025 307 3079 en,
330 3015 486 3086 patescunt
508 3008 606 3086 regiae
633 3007 759 3085 fastigia.

93 3090 213 3150 reclinis
236 3091 299 3169 ipsa
322 3091 399 3153 sedis
421 3099 538 3152 auratae
560 3100 625 3152 toro

92 3174 195 3234 solitos
218 3176 342 3236 amiotus
364 3187 463 3237 mente
486 3196 547 3237 non
570 3195 641 3238 sana
663 3175 777 3237 abnuit.

94 3398 230 3465 populatur
246 3407 316 3452 artus
335 3415 403 3464 eura,
422 3400 471 3450 iam
489 3416 593 3465 gressus
612 3404 723 3451 tremunt

93 3474 216 3534 tenerque
233 3468 307 3519 nitidi
325 3467 439 3535 eorporis
457 3468 549 3519 cecidit
567 3467 652 3519 decor.

178 3681 228 3731 356
252 3695 277 3745 q.
301 3678 337 3746 pl.
359 3695 382 3731 e.
405 3695 455 3729 om.
477 3678 502 3728 Ε
579 3684 641 3745 post
658 3681 706 3730 357
732 3693 802 3728 nova
826 3691 923 3728 scama
945 3679 990 3727 oui
1009 3679 1169 3742 inserdptum

91 3745 207 3798 Phaedra
231 3747 322 3798 Nutrix
344 3748 386 3797 vel
408 3745 504 3799 Phaed.
526 3747 586 3800 Not.
609 3746 711 3813 llippol.
734 3747 758 3797 A
832 3747 882 3798 359
898 3750 959 3808 poet
981 3761 1005 3796 v.
1030 3745 1082 3798 404
1104 3745 1168 3811 legi-

94 3821 139 3864 tur
156 3815 189 3868 A.
207 3844 241 3853 —
259 3823 285 3866 et
304 3816 361 3882 quis
379 3816 423 3880 Ες
480 3821 543 3880 poet
560 3817 609 3868 359
627 3831 697 3865 novo
714 3829 812 3867 ooaena
830 3816 876 3864 eui
891 3816 1051 3880 imeriptum
1068 3813 1168 3868 Nutrix.

91 3881 216 3935 Phaedro.
241 3883 386 3935 Chorusll
460 3887 510 3938 369
533 3884 611 3935 lenire
634 3883 659 3933 Ε
735 3885 784 3936 365
804 3880 867 3933 nihil
884 3880 910 3931 Ε
978 3885 1036 3936 377.
1055 3885 1105 3936 378
1124 3883 1168 3933 de-

92 3951 145 4000 levi
205 3955 254 4004 379
273 3953 393 4003 tenebant
412 3952 436 4002 Α
492 3955 542 4006 383
560 3951 683 4018 hymbrae
700 3950 731 4002 Ε.
750 3980 784 3989 -
801 3950 917 4018 pertusae
934 3951 959 4000 A

144 4044 239 4086 Senecae
252 4044 377 4096 tragoediae
390 4043 419 4085 H.
932 4039 961 4088 10
