2580 4366
558 217 716 262 candacis.

621 421 651 482 3.

184 533 290 598 esau.
317 539 399 600 1015
420 537 517 598 medio
539 535 637 598 nuntii
659 536 805 598 narratio:

250 627 395 701 consurpit
417 625 515 701 inpem
533 632 639 702 pontus
661 623 693 681 in
714 631 827 683 vastum
848 621 978 703 opparem

249 708 446 786 tumidumque
467 717 593 769 monstro
612 705 732 785 pelopus
753 710 784 768 in
806 717 898 770 turos
919 713 990 771 ruit.

249 809 299 853 nec
319 795 376 853 isto
396 791 508 852 ratibus
530 802 612 853 tanto
633 796 812 853 construitur
833 790 912 855 lues:

251 881 337 939 terris
357 881 497 938 minatur.
541 876 648 954 fluctus
668 875 746 938 laud
767 895 853 938 cursu
875 877 932 939 leoi

246 960 447 1041 provolvitur.-
467 965 560 1022 neseio
583 961 651 1041 qnid
671 973 788 1022 annoto
809 965 876 1023 unu

119 1037 226 1110 1020
249 1049 348 1126 pravis
368 1047 448 1108 undo
466 1056 583 1126 portat,-
608 1064 679 1125 quoe
700 1063 808 1107 nouum
830 1045 913 1108 tellus
934 1060 1021 1128 caput

250 1131 371 1194 ostendit
392 1128 502 1192 ostris?
533 1129 632 1210 Cyclas
653 1134 787 1192 enorc‘tur
808 1130 906 1193 nouo?

250 1214 360 1278 lotucm
380 1233 482 1295 rupes,
505 1234 612 1276 numen
636 1215 776 1294 llpidouri
796 1217 848 1288 dei,
1004 1220 1007 1225 '

250 1311 277 1362 et
297 1299 398 1362 scelere
416 1311 515 1379 petrae
535 1299 643 1361 nobiles
664 1298 826 1362 Scironides

200 1380 210 1399 ⁹
252 1394 279 1447 et
300 1404 371 1465 puae
393 1385 502 1457 duobus
523 1396 602 1446 terra
623 1389 822 1465 comprimitur
842 1386 937 1464 fretis.

118 1460 227 1532 ¹025
251 1468 317 1531 llaec
340 1471 408 1531 dum
429 1479 570 1549 stupentes
591 1473 755 1549 querimur:
783 1489 818 1532 en
839 1480 931 1533 totum
952 1470 1034 1532 mare

252 1559 392 1633 snmupits
421 1572 517 1616 omens
538 1556 663 1634 undique
683 1555 793 1635 scopuli
812 1557 988 1638 adstrepunt.

250 1657 396 1701 summum
417 1658 552 1701 mmmm
573 1650 671 1711 rorat,
696 1639 816 1719 enpnlso
837 1641 896 1703 sole

251 1735 367 1804 spunmi
387 1729 529 1804 vomitque
549 1724 657 1785 vicibus
678 1723 796 1787 alternis
816 1744 913 1805 optas.

253 1808 345 1889 poclis
362 1827 417 1888 per
437 1808 497 1870 olto
518 1807 631 1870 veditur
653 1809 761 1870 Oceani
780 1810 859 1887 freto

120 1884 228 1958 1030
252 1894 358 1972 liunus
378 1894 537 1972 refundens
559 1912 608 1956 ore
626 1893 757 1973 physeter
782 1912 885 1973 capon,

255 1977 403 2040 iulcarruit
422 1997 572 2040 comussus
592 1979 739 2040 undarum
760 1978 859 2058 plolus

252 2062 388 2144 solvitque
409 2082 466 2124 sese
487 2074 513 2125 ei
535 2063 616 2125 litori
635 2067 748 2124 inuenit
768 2063 879 2125 molum

253 2151 348 2210 mains
370 2151 480 2209 timore.
520 2159 628 2228 pontus
649 2152 681 2209 in
703 2159 795 2210 terras
815 2152 878 2210 ruit

218 2305 222 2313 ¹
252 2251 392 2312 suompte
411 2245 573 2295 monstrum
594 2237 729 2314 sequitur.
775 2251 805 2294 os
827 2244 941 2314 quassat
962 2244 1077 2294 tremor.

134 2311 230 2381 1035
258 2316 353 2381 Tlos.
377 2321 439 2399 puis
458 2317 572 2380 italicus
592 2317 642 2379 ille
663 2321 789 2397 corpon's
810 2322 888 2379 oasti
907 2315 991 2396 fuit?

255 2401 286 2463 N
289 2413 365 2464 unt.
388 2403 519 2465 caerulea
541 2414 644 2465 taurus
665 2403 737 2464 colla
759 2402 889 2464 sublimis
909 2420 1009 2482 parens

255 2492 347 2550 crenit
367 2485 457 2549 oliam
476 2489 574 2567 fronte
594 2488 736 2549 viridanti
755 2487 853 2549 iubam
875 2507 900 2549 o.
917 2506 946 2567 q.
962 2507 986 2548 s.

104 2567 276 2651 muscapsi
298 2581 332 2633 ut
353 2571 440 2651 vulgo
462 2571 571 2651 legitur
592 2572 690 2634 locum
713 2573 744 2633 in
763 2591 823 2651 quo
839 2590 900 2633 non
916 2580 1080 2650 magonem
1095 2572 1176 2632 codi-

108 2659 172 2711 cum
203 2656 405 2737 discrepantia.
448 2676 540 2737 quare
569 2657 729 2719 minutiora
757 2675 962 2737 quaecumque
990 2657 1026 2718 de
1051 2656 1178 2735 singulis

109 2737 237 2802 versibus
263 2741 410 2804 monendo
437 2751 509 2804 sunt
536 2760 687 2822 reponens
715 2742 813 2804 statim
841 2742 878 2803 sd
905 2742 1037 2822 graviora
1058 2742 1177 2803 accedo.

112 2819 215 2886 &enim
235 2845 261 2886 v.
286 2828 368 2891 1022
390 2844 451 2905 sq.:

255 2911 364 2972 lotuere
383 2929 468 2991 rupes
488 2916 606 2973 numine
627 2911 770 2991 Epidauri
791 2913 836 2973 dci
848 2914 868 2987 ¹)

256 3005 283 3056 ei
303 2995 404 3057 saedere
424 3007 522 3077 petrae
542 2996 649 3058 nobiles
670 2995 831 3059 Scirom'des

258 3091 284 3141 et
306 3099 377 3161 quoe
398 3081 507 3143 dnobus
528 3092 606 3143 terro
628 3085 827 3161 comprimitur
847 3083 932 3161 fretis

119 3159 190 3220 'ersi
208 3173 274 3225 sunt
296 3184 332 3226 ex
353 3165 510 3246 Euripide:
540 3166 630 3246 Hipp.
656 3168 737 3230 1207

614 3243 697 3315 ὥστ’
722 3241 879 3357 ἀφῃρέθη

258 3336 440 3417 Σκείρωνος
462 3326 562 3410 ἀκτᾶς
585 3329 676 3417 ὄμμα
697 3330 820 3416 canutio
843 3332 975 3415 εἰσορᾶν

260 3416 399 3501 ἔκρυπτε
420 3411 454 3481 c'
476 3415 611 3502 Ἰσθμὸν
632 3418 688 3484 καὶ
710 3415 836 3500 πέτραν
855 3412 1069 3502 Ἀσκληπιοῦ.

132 3515 310 3547 k

203 3597 219 3660 ¹)
239 3601 272 3653 ila
294 3602 480 3654 emendandum
503 3602 576 3667 duxi,
598 3618 649 3654 non
671 3606 778 3654 nomine
802 3618 859 3654 cum
880 3601 911 3654 N.
929 3601 1040 3654 Heinsio.
1082 3615 1181 3652 numen

136 3651 481 3803 nicoisas-n·
496 3671 670 3792 lumi
687 3672 803 3792 con
820 3671 889 3792 nt
907 3685 964 3789 n
978 3668 1184 3789 strum

137 3729 229 3879 mlvi)
250 3805 371 3873 singulari
394 3775 496 3873 duoque
519 3778 623 3858 dumeto
649 3779 680 3859 d’s
697 3777 772 3858 oculo
791 3755 1145 3874 udurpencil'trop.'1tt‚’32‚
1165 3805 1181 3855 3

140 3865 227 3933 witto
243 3872 329 3926 lumen
347 3875 426 3926 dolet
442 3874 747 3926 correxiilnchmonnus:
766 3875 869 3926 lumino
887 3879 988 3927 crimen
1006 3871 1181 3938 dolent),h1o

140 3923 225 3989 ⁰¹¹⁰⁸ttm
240 3945 285 3993 ool.
318 3957 395 4009 rupes
412 3942 515 3994 numine
533 3942 640 4006 nobilem
659 3948 746 4010 peiroe
763 3943 868 3997 scelere.
