2580 4366
530 227 672 271 unnromu
1073 211 1133 274 383

64 397 231 460 pronomen
248 385 280 439 ut
295 377 483 460 intellegatur
498 378 598 458 quales
614 377 749 439 dicantur
762 378 857 452 liberi,
881 377 1001 440 alterius
1016 386 1136 440 senten·

64 465 122 526 tiae
143 464 256 542 aptiora
286 463 399 524 traditis
427 462 514 524 verba
541 463 667 524 inveniri
690 482 749 524 non
780 472 952 542 potuerunt.
997 463 1042 524 sin
1066 482 1135 524 vero

64 548 202 611 traditum
226 555 303 609 esset
324 566 350 608 v.
376 548 578 611 testantem·
602 549 703 610 modos
724 549 839 611 debetur
864 560 897 611 ut
924 549 1134 627 sociossocios,

64 651 123 695 non
145 634 196 694 obi
215 651 352 714 reponas,
374 633 432 694 hoc
454 632 526 713 quin
550 641 722 712 corruptum
747 644 823 695 essct
839 633 939 695 nullus
961 632 1134 695 dubitarem.

151 753 212 816 330
256 751 368 813 tandem
389 755 469 830 rapio
489 751 601 823 nobilis,

254 839 368 915 antiqui
385 854 474 915 pontis
496 834 603 907 Inachi,

252 923 383 1001 fratrum
405 924 561 1001 composuit
582 925 685 982 minos.

63 1024 90 1066 v.
104 1007 163 1070 337
182 1005 304 1085 Argivos
316 1005 425 1066 chorus
439 1006 617 1086 adloquitur.
640 1004 787 1066 indicatur
802 1005 859 1067 boc
873 1006 1013 1067 carminis
1028 1023 1135 1085 prooe-

63 1091 124 1152 mio
146 1090 270 1152 actionis
300 1082 491 1170 proglcssus:
521 1091 576 1153 iam
600 1090 679 1153 enim
703 1089 793 1151 choro
816 1090 947 1153 innotuit
972 1090 1135 1152 rediturum

65 1194 129 1238 esso
143 1175 310 1256 Thyestem,
333 1193 421 1255 quem
444 1193 593 1238 arcessere
615 1175 732 1236 vixdum
755 1174 882 1238 decrevit
904 1178 1009 1237 Atreus
1032 1195 1136 1256 quem-

66 1279 124 1340 que
146 1279 172 1320 v.
195 1264 257 1324 404
279 1260 335 1321 iam
359 1261 460 1322 adesse
483 1260 587 1323 merito
610 1261 760 1321 miramur.

150 1381 211 1443 388
255 1397 309 1439 recu
331 1391 370 1440 eat
391 1382 441 1460 poi
461 1384 562 1443 metuit
583 1379 665 1450 nibil,

252 1480 307 1523 ron
328 1473 368 1524 cst
389 1467 438 1543 pai
458 1469 551 1544 cupiet
571 1462 653 1525 nibil.

43 1556 46 1560 “
63 1567 90 1608 v.
108 1547 169 1611 380
186 1553 215 1608 et
231 1545 293 1610 390
317 1546 404 1607 nimis
426 1556 488 1608 arte
508 1548 588 1611 inter
601 1565 635 1608 se
650 1548 819 1621 cohaerent,
841 1566 868 1607 r.
884 1549 946 1611 390
964 1548 1051 1609 nimis
1066 1548 1136 1609 arti-

64 1632 165 1693 ficiose
181 1639 373 1711 praeparatus
388 1640 433 1692 est
448 1632 581 1693 versibus
596 1632 775 1704 381-387,
799 1648 887 1710 quam
902 1640 936 1692 ut
950 1633 1135 1694 interceden-

64 1724 123 1777 tem
147 1716 206 1797 pati
228 1715 376 1795 possimus
390 1733 522 1777 mancam
538 1715 713 1777 sententiam
736 1733 790 1776 roro
809 1726 849 1776 est
871 1720 921 1795 qui
939 1721 1039 1779 metuit
1053 1717 1135 1779 nibil.
1223 1777 1225 1783 .

65 1819 132 1873 nam
155 1820 181 1861 v.
198 1801 259 1863 380
282 1804 373 1881 cupiet
396 1818 451 1862 neo
473 1800 543 1861 ferri
567 1817 623 1861 nec
646 1800 792 1861 emendari
815 1817 904 1878 posse
926 1800 994 1862 olim
1019 1802 1136 1863 monui·

65 1905 141 1949 mus.
191 1894 342 1966 praeterea
370 1894 466 1946 autem
496 1884 635 1946 carminis
661 1892 816 1947 contextus
845 1884 956 1946 nullam
985 1885 1136 1947 dubitandi

64 1971 215 2032 materiem
238 1970 368 2049 praebet.

401 2212 591 2305 uouemus
613 2236 798 2317 [crunnus]

149 2379 207 2438 441
255 2375 380 2437 coelestis
401 2380 447 2437 oro
469 2393 537 2455 qnos
555 2379 662 2457 promit
682 2379 800 2437 miseros
821 2377 901 2454 facit,

251 2459 378 2521 bumana
398 2461 501 2523 nullos.

63 2545 145 2606 hunc
166 2544 264 2606 locum
287 2546 357 2605 dum
379 2554 472 2607 tracto
487 2544 571 2605 vol.l
595 2563 623 2624 p.
640 2547 702 2608 219
725 2563 785 2605 non
806 2545 1010 2624 intellegebam
1033 2546 1137 2607 huma·
1158 2567 1166 2575 ·

63 2647 131 2691 nam
154 2630 225 2690 iram
250 2647 325 2708 quos
348 2639 461 2708 premat
476 2628 573 2692 nullos
587 2630 684 2690 facere
705 2629 772 2703 dici,
796 2631 815 2690 i.
832 2651 857 2691 e.
874 2630 994 2710 penitus
1017 2649 1136 2709 pessum

64 2714 142 2775 dare.
177 2715 292 2777 monuit
304 2713 521 2776 Habruclrerus.
554 2714 623 2774 item
639 2713 721 2774 locos
733 2732 809 2792 quos
825 2733 879 2794 per
890 2733 1027 2776 versuum
1040 2727 1137 2776 trans·

63 2799 240 2878 positionem
264 2817 368 2860 sanare
391 2798 497 2860 ibidem
521 2797 676 2878 temptavi,
700 2800 761 2862 510
778 2817 822 2878 sq.
847 2807 875 2860 et
899 2800 959 2864 563
976 2818 1031 2879 sq;‚
1054 2799 1137 2860 illum

64 2882 195 2945 iaciliore
218 2883 358 2958 remedio,
388 2884 406 2944 i.
430 2902 456 2944 e.
480 2892 558 2945 recta
580 2883 821 2962 interpunctione
844 2885 1025 2958 sanandum,
1057 2884 1138 2945 hunc

63 2976 144 3029 recte
166 2969 305 3030 traditum
329 2987 394 3029 csse
416 2967 503 3046 longa
526 2967 588 3029 dies
611 2967 721 3028 docuit.

152 3089 212 3150 520
257 3086 355 3149 tabum
376 3087 483 3165 flamme
504 3085 628 3148 volneris
650 3086 752 3148 dentre
773 3090 877 3166 acecpit

253 3173 394 3253 traditque
415 3171 496 3232 nobis
518 3170 643 3249 copulae
665 3175 803 3232 insertum
826 3190 904 3232 suae,

64 3256 163 3319 tolum
184 3256 320 3334 fluentem
342 3256 380 3326 li,
411 3256 502 3318 tabem
522 3255 640 3333 [lucidis
660 3255 693 3315 A.
746 3255 875 3333 primum
899 3273 1005 3316 moneo
1031 3256 1137 3329 tubum,

64 3359 125 3402 non
149 3341 240 3403 tabem
263 3341 389 3420 probaro
403 3341 562 3402 Etruscum
579 3341 714 3418 sequenti
730 3358 816 3401 versu
835 3339 1034 3420 praebentem,
1059 3338 1137 3420 quod

64 3425 164 3487 omisit
185 3425 325 3499 Peterus‚
348 3430 503 3504 insertum,
531 3443 591 3486 non
613 3429 760 3486 inscrtum.
812 3427 849 3485 cl.
871 3425 954 3486 Neue
976 3424 988 3484 l
1011 3444 1040 3504 p.
1065 3425 1136 3486 491.

64 3528 135 3588 crgo
160 3529 218 3571 non
244 3521 288 3572 est
310 3509 475 3571 verisimilis
498 3510 659 3572 Burmanni
681 3510 852 3571 coniectura
878 3509 970 3571 tabem
990 3510 1136 3588 [luentem

63 3613 189 3676 prorsus
211 3613 258 3657 me
281 3595 358 3674 sugit
380 3595 451 3675 quid
473 3595 640 3674 significare
661 3594 730 3656 velit
744 3594 904 3656 Muellerus
927 3595 975 3671 (de
997 3614 1029 3656 ra
1054 3602 1137 3655 metr.

64 3699 94 3760 p.
112 3682 185 3753 377)
209 3681 306 3742 tabum
327 3680 487 3758 fluentum·
511 3698 567 3741 nec
588 3679 673 3740 lacile
691 3679 847 3759 quisquam
863 3678 1006 3741 concedet
1026 3679 1139 3742 harun-

65 3765 163 3827 dinem
179 3765 243 3827 tobo
257 3765 394 3843 fluentem
410 3763 466 3842 (sic
479 3762 635 3844 Peiperus)
651 3763 779 3843 ungulae
794 3765 933 3826 insertam
950 3764 1023 3826 tradi
1041 3781 1149 3844 posse·

65 3849 145 3928 quod
173 3850 237 3929 ipse
266 3849 352 3929 posui
381 3850 490 3928 fluente
519 3850 620 3912 dcatrn
643 3867 704 3910 non
727 3849 765 3910 ita
794 3849 975 3913 intellectum
998 3849 1083 3911 velim
1106 3856 1139 3909 ut

64 3935 195 3996 membra
210 3953 324 3995 veneno
340 3935 446 3995 inlecta
468 3934 561 3996 fluere
583 3933 664 3996 sanie
680 3943 709 3997 et
730 3933 796 3997 tabe
820 3936 897 4000 baud
912 3954 979 3997 raro
999 3935 1139 3998 dicuntur
