2580 4366
108 212 167 275 182
428 227 466 269 nu
487 225 702 269 mensuramus
724 225 852 269 omucrs.

105 380 201 442 fabula
224 379 254 439 in
278 396 335 456 qua
358 377 430 437 illud
453 376 588 456 prolerre
609 376 741 455 potuerit
764 376 843 438 nulla
866 384 958 438 restat
979 377 1037 439 nisi
1062 378 1171 459 Hippo·

104 466 183 545 lytus
204 463 332 536 velatus;
355 463 385 523 in
402 461 562 540 Hippolyto
585 461 678 522 velato
696 462 779 522 locus
797 461 898 522 nullus
914 471 1031 540 praeter
1045 464 1171 526 ultimam

105 567 250 621 scaenam,
268 546 346 627 quali
362 547 480 625 quidem
494 545 644 606 coroniler
655 545 832 626 Hippolytus
843 547 1027 609 terminatur.
1056 567 1124 610 nam
1140 568 1171 610 ne

60 664 64 675 ·
104 636 140 697 'ad
164 632 355 712 Hippolytum
377 632 481 709 lugere
503 631 617 691 iussum
640 632 749 691 reseras
772 631 889 693 numeri
913 631 1135 710 prohibente)

190 719 263 779 haec
285 717 310 777 si
332 725 413 776 recte
435 716 657 795 disputavimus,
680 716 711 776 in
733 717 834 795 priore
857 734 976 796 quoque
990 717 1090 779 fabula
1104 718 1171 800 Hip

105 804 223 883 polytus
245 801 353 863 misere
374 801 517 862 laceratus
540 810 569 860 et
590 801 785 861 moribundus
801 803 830 861 in
847 819 953 861 scaena
968 803 1135 883 comparuit
1148 815 1171 865 et

10 956 16 963 ,
105 891 137 951 in
152 899 235 968 patre
249 886 429 948 consolando
445 885 580 947 ultimum
596 886 669 946 vitae
685 887 810 964 spatium
826 888 1026 965 consumpsit3
1051 897 1085 949 ut
1097 906 1171 949 scae

106 992 173 1035 nam
197 972 326 1033 nobilem
349 980 387 1045 et,
409 970 434 1030 si
454 971 520 1048 quis
535 970 685 1049 Euripidis
701 979 792 1032 artem
808 979 889 1030 recte
904 989 1086 1050 cognoscere
1100 973 1171 1047 velit

106 1057 265 1120 notabilem
283 1075 342 1117 non
359 1055 516 1134 posteriori
532 1056 649 1116 demum
665 1056 785 1116 dramati
802 1063 888 1134 poeta
907 1054 1050 1121 intulerit.

192 1147 342 1222 praeterea
372 1159 448 1201 novo
479 1140 612 1219 exemplo
643 1141 783 1201 discimus
805 1140 976 1220 Euripidem
999 1142 1029 1203 in
1054 1151 1171 1222 utraque

105 1229 255 1306 tragoedia
277 1244 398 1287 scaenas
420 1225 551 1286 eiusdem
574 1225 740 1303 argumenti
756 1234 928 1286 tractantem
945 1226 1068 1289 diversis
1083 1227 1171 1288 verbis

106 1331 194 1375 usum
218 1330 298 1374 esse:
325 1311 402 1371 idem
425 1309 504 1371 enim
526 1310 691 1388 fragmento
715 1313 777 1371 445
800 1309 1025 1389 comprobatur:

310 1389 396 1476 πρὸς
417 1392 535 1458 ἵππιον
558 1388 660 1469 εὐθὺς
683 1389 829 1476 ὁρμήσας
852 1391 968 1458 στάσιν

107 1481 187 1562 quod
198 1481 361 1559 legitimum
373 1479 471 1541 locum
484 1480 515 1540 in
528 1480 696 1541 narratione
708 1481 744 1542 de
759 1481 888 1541 infausto
904 1480 1057 1560 Hippolyti
1073 1481 1171 1541 itinere

105 1566 226 1641 hahuit,
257 1573 287 1626 et
308 1565 480 1642 fragmentis
503 1566 575 1628 438.
599 1568 671 1627 442.
695 1568 756 1627 444
779 1583 854 1643 quae
876 1566 984 1626 docent
1006 1584 1074 1626 cum
1097 1574 1171 1644 patra

106 1650 181 1713 irato
204 1651 234 1711 in
258 1650 358 1730 priore
381 1668 501 1728 quoque
525 1649 621 1710 tabula
636 1650 829 1730 Hippolytum
853 1648 1043 1712 conlocutum
1068 1669 1141 1712 esse.

191 1735 341 1814 tetigimus
362 1734 451 1795 alium
475 1735 604 1796 Senecae
626 1735 661 1795 ab
685 1735 842 1813 exemplari
865 1753 919 1795 suo
942 1735 972 1795 in
996 1735 1171 1816 disponenda

105 1820 203 1882 tabula
226 1820 408 1892 dissensum,
438 1828 470 1880 ut
499 1820 549 1898 qui
573 1828 684 1899 patrem
707 1820 859 1899 filiumque
882 1838 941 1881 una
964 1838 1111 1900 nusquam
1134 1821 1171 1881 in·

106 1906 203 1968 ducat.
241 1905 312 1984 quin
338 1912 449 1965 restent
472 1904 525 1964 alia
546 1924 622 1982 quae
637 1905 751 1966 diverse
765 1905 800 1966 ah
817 1905 867 1965 illo
883 1904 1045 1965 instituerit
1060 1905 1171 1966 minime

107 1990 290 2064 dubitamus;
305 1989 356 2051 sed
372 1990 408 2050 ad
424 1989 470 2050 illa
486 1989 647 2067 indaganda
663 1990 778 2051 lahulae
793 1989 965 2068 fragmentis
981 1989 1168 2051 destituimur

106 2083 218 2136 servata
239 2074 427 2137 tractavimus
450 2074 547 2135 omnia
559 2077 600 2152 ²⁷)
622 2075 752 2154 exceptis
771 2075 888 2135 duobus
904 2093 978 2152 quae
993 2075 1029 2135 ad
1046 2076 1171 2153 ignotun

106 2160 216 2238 aliquid
239 2168 372 2239 spectare
394 2158 519 2237 possint.
562 2177 664 2220 eorum
687 2159 810 2220 alterum
833 2160 889 2236 lrg.
913 2161 974 2222 435

310 2238 410 2317 αὐτός
432 2265 465 2304 τι
488 2248 544 2305 νῦν
568 2242 704 2324 dodum)
730 2235 800 2307 εἶτα
824 2242 983 2320 δαίμονας
1005 2239 1099 2307 κάλει

309 2328 356 2411 τῷ
379 2325 439 2408 γὰρ
461 2328 621 2391 πονοῦντι
641 2324 688 2408 χώ
711 2326 793 2403 θεὸς
816 2325 1040 2408 συλλαμβάνει

106 2412 228 2473 omnino
251 2430 311 2472 non
334 2413 418 2474 video
442 2415 589 2492 quomodo
619 2415 649 2474 in
676 2415 731 2475 hac
752 2414 848 2475 lahula
871 2414 969 2476 locum
992 2413 1102 2475 habere
1125 2432 1171 2494 po

104 2496 204 2558 tuerit.
248 2497 283 2557 ad
305 2497 464 2558 Phaedram
496 2517 562 2559 cum
586 2497 740 2560 Welchero
769 2499 872 2560 referri
902 2517 963 2558 non
989 2501 1100 2578 poterit
1121 2499 1171 2561 nisi

106 2575 188 2666 αὐτή
202 2582 417 2661 scripserimus.
433 2583 484 2644 sed
497 2584 760 2663 obtemperandum
772 2585 888 2644 ridetur
899 2582 1040 2644 Clementi
1054 2584 1171 2645 allexan-

106 2667 192 2729 drino
216 2675 245 2727 et
258 2668 408 2744 relegandi
422 2686 524 2729 versus
540 2669 575 2728 ad
590 2669 753 2730 Temenum
773 2669 858 2729 cuius
876 2676 1052 2747 argumento
1069 2669 1171 2749 optime

106 2752 296 2813 conveniunt.
341 2752 463 2814 alterum
487 2762 532 2814 est
552 2754 608 2832 lrg.
632 2757 693 2818 443

312 2837 431 2919 Θησεῦ,
454 2843 608 2916 παραινῶ
631 2858 687 2900 σοι
708 2835 747 2902 τὸ
770 2835 907 2919 λῷστον,
931 2833 960 2900 εἰ
983 2849 1130 2919 φρονεῖς,

309 2922 434 3002 γυναικὶ
459 2926 585 2987 πείθου
606 2921 690 3007 μηδὲ
711 2914 842 3006 τάληθῆ
857 2918 972 2984 κλύων.

191 3068 224 3133 ²⁸)
242 3071 414 3123 adnotandum
433 3077 472 3124 est
490 3072 559 3139 quod
576 3073 602 3124 in
615 3073 755 3141 Hippolyto
769 3073 909 3125 coronilero
920 3073 971 3124 lere
983 3071 1080 3126 eisdem
1095 3073 1171 3126 verhit

104 3136 197 3190 chorus
215 3139 293 3191 utitur
310 3157 335 3191 v.
358 3143 420 3192 1144

308 3204 362 3274 ἐγώ
381 3205 410 3258 dt
428 3209 463 3289 opi
482 3205 613 3275 δυστυχία
633 3206 747 3276 δάκρυσι
765 3207 861 3258 διοίσω
908 3266 910 3271 ,

307 3272 419 3343 πότμον
437 3292 572 3342 αποτμον,
594 3268 617 3325 ὦ
633 3273 782 3326 τάλαινα

308 3346 432 3412 μᾶτερ,
459 3339 565 3399 ἔτεκες
587 3337 760 3395 ἄνόνατα·
785 3345 838 3412 φεῦ

309 3410 401 3480 pavito
419 3413 536 3466 denium.

190 3476 223 3542 ²⁷)
241 3477 273 3529 de
289 3479 338 3545 irg.
357 3482 421 3545 439,
447 3478 515 3545 quod
540 3494 591 3530 non
610 3483 677 3531 recte
701 3479 732 3530 ad
757 3479 852 3531 Phaed.
872 3482 921 3532 903
940 3477 1038 3530 rettulit
1056 3478 1171 3531 Wilamo

104 3543 205 3596 witzius
223 3546 264 3610 (A.
283 3546 311 3597 E.
329 3564 354 3614 p.
367 3551 432 3611 154),
450 3550 552 3598 constat
569 3547 630 3597 mihi
641 3546 765 3598 Welclreri
783 3547 908 3598 sententia
927 3548 961 3613 (p.
980 3548 1049 3610 739).
1068 3576 1102 3586 -
1121 3547 1168 3599 Phi

104 3609 172 3663 lemn
190 3617 219 3674 (s.
238 3610 329 3678 βίβλος
353 3615 386 3666 oi.
404 3614 530 3667 Welcker.
551 3631 574 3681 p.
593 3616 653 3678 740)
675 3615 717 3666 vel
736 3616 821 3681 potius
839 3615 998 3666 Phavorinus
1015 3615 1068 3666 iam
1086 3615 1171 3667 nemin

103 3678 190 3730 lucum
207 3680 290 3734 laniet.
326 3682 441 3734 contudit
458 3688 543 3735 antem
560 3681 690 3735 Phaedrae
707 3683 804 3734 litteras
823 3698 880 3734 oum
899 3683 1100 3749 Agamemnonis
1118 3683 1171 3751 (lplr

104 3744 162 3798 Aul.
173 3750 205 3800 34
216 3752 276 3815 sq.);
295 3765 380 3802 nuncu
400 3757 456 3802 atur
473 3745 512 3801 ibi'
526 3754 553 3802 et
570 3748 662 3806 δέλτος
679 3755 705 3802 et
721 3748 812 3812 πεύκη.
842 3750 952 3832 denique
970 3751 1086 3803 conferre
1104 3751 1171 3805 iuhet

104 3814 152 3879 lug.
170 3815 219 3867 inc.
238 3820 288 3870 816
308 3818 359 3877 (Ar.
381 3767 441 3886 iys.
466 3821 527 3883 713)
550 3812 609 3868 ἀλλ’
631 3815 746 3886 αἰσχρὸν
770 3815 854 3869 εἰπεῖν
876 3835 921 3869 και
947 3817 1087 3882 σιωπῆσαι
1108 3823 1171 3889 ,dopo

102 3897 162 3934 eum
180 3881 275 3936 Phaed.
294 3888 343 3938 603
361 3889 402 3936 cir
418 3900 518 3950 magna
535 3901 624 3936 vocem
643 3886 739 3939 emittit
757 3892 785 3936 ut
801 3889 889 3937 maior
907 3892 983 3939 tenet.

191 3950 224 4017 ²⁸)
241 3953 298 4006 sort
318 3949 401 4010 αὐτός
417 3970 445 4005 τι
464 3951 597 4021 συνδρῶν.
634 3970 684 4005 οοο
703 3954 789 4006 obstat
807 3948 872 4006 elta.
