2580 4366
154 189 214 252 154
259 205 264 211 ·
538 207 565 248 n.
589 206 694 249 aurem
714 207 841 252 suescas

150 356 203 419 tihi
225 364 325 418 mutor
346 357 409 416 uni.
455 364 533 418 certa
557 357 696 420 descendi
718 358 755 420 ad
777 377 896 439 preces:

149 443 239 504 finem
261 441 309 502 hic
333 440 426 502 dolori
449 441 537 503 saciet
558 451 610 504 aut
631 444 705 505 ritae
727 443 801 506 dies.

149 527 292 589 miserere
314 526 439 587 amantis
461 559 503 571 -
548 546 621 589 nrrr.
667 528 774 608 Magne
795 540 936 607 regnator
958 532 1055 605 deum,

150 621 208 673 tam
230 611 330 673 lentus
352 611 437 673 audis
459 610 593 674 scelera?
616 621 674 674 tam
697 614 798 676 lentus
818 613 923 677 vides?

150 706 179 759 et
194 697 312 776 quando
335 715 418 758 saeva
439 697 552 758 iulmen
576 699 692 759 emittes
714 718 814 776 manu,

150 781 175 843 si
198 800 280 844 nunc
301 799 441 843 serenum
464 779 532 844 est?
555 783 652 844 omnis
674 784 822 865 impulsus
844 796 910 847 ruat

149 867 250 928 aether
271 875 300 929 et
322 867 393 928 atris
415 867 545 929 nubibus
568 867 676 930 condat
698 870 785 944 diem,

149 970 183 1013 ac
205 970 287 1013 versa
309 962 388 1013 retro
412 953 509 1014 sidera
532 953 668 1031 obliquos
690 964 778 1034 agant
817 979 821 985 ·

148 1046 258 1098 retorta
281 1054 397 1098 cursus.
442 1046 545 1116 tuque,
568 1038 715 1101 sidereum
739 1050 836 1120 caput,

149 1123 259 1184 radiate
280 1122 378 1196 Titan,
402 1132 435 1184 tu
458 1123 541 1184 nefas
563 1124 666 1203 stirpis
688 1132 756 1186 tuae

148 1204 325 1288 speculare?
348 1208 444 1268 lucem
466 1225 568 1286 merge
591 1210 672 1270 etin
695 1209 833 1272 tenebras
856 1211 934 1288 iuge.

148 1311 203 1354 cur
224 1293 334 1366 dextra,
357 1292 455 1352 divum
478 1303 577 1354 rector
599 1303 687 1373 atque
709 1295 874 1371 hominum,
898 1305 977 1358 vacat

147 1387 197 1438 tua
219 1396 276 1438 nec
299 1377 419 1438 trisulca
441 1379 572 1439 mundus
594 1378 720 1440 ardescit
745 1378 831 1441 iace?

73 1458 77 1463 ’
148 1462 179 1523 in
202 1470 350 1536 metune,
374 1480 421 1523 me
443 1463 510 1540 fige,
532 1482 581 1524 me
603 1464 686 1525 velox
712 1475 823 1526 cremet

146 1555 313 1615 transactus
336 1546 413 1625 ignis
437 1582 478 1594 -
501 1566 567 1608 sum
590 1567 713 1623 nocens,
734 1550 830 1611 merui
852 1551 944 1611 mori:

147 1633 246 1712 placui
269 1651 421 1693 novercae.
489 1632 598 1711 diguus
620 1653 658 1695 en
681 1636 792 1714 stupris
815 1633 894 1714 ego?

148 1719 313 1796 scelerique
335 1726 416 1778 tanto
438 1717 519 1779 visus
542 1737 597 1797 ego
620 1719 702 1780 scius
724 1720 777 1780 tibi

146 1803 266 1865 materia
288 1801 404 1864 saciiisi
426 1803 483 1864 hoc
506 1821 591 1865 meus
612 1804 723 1865 meruit
744 1803 847 1883 rigor?

147 1907 165 1949 o
187 1888 300 1949 scelere
322 1889 444 1948 vincens
467 1906 555 1950 omne
577 1889 739 1951 femineum
768 1909 872 1968 genus,

148 1973 297 2053 genetrice
318 1973 417 2051 peiuri
442 1972 490 2033 illa
513 1991 545 2033 se
567 1982 683 2035 tantum
705 1986 809 2055 stupro

147 2058 364 2131 contaminavit,
389 2067 417 2118 et
441 2067 539 2118 tamen
562 2058 682 2120 tacitum
706 2059 756 2120 diu

147 2145 260 2205 crimen
283 2143 402 2204 biformi
425 2152 527 2221 partus
550 2143 684 2204 exhibuit
706 2152 775 2205 nota

147 2228 306 2306 scelusque
327 2227 429 2288 matris
451 2228 550 2305 arguit
570 2229 654 2289 vultu
676 2231 753 2289 truci
822 2260 828 2271 ·

146 2312 303 2392 ambiguus
326 2312 423 2373 inians
448 2346 486 2357 -
511 2312 559 2373 ille
581 2321 611 2374 te
633 2322 736 2375 venter
758 2314 833 2375 tulit.

147 2408 231 2459 oter
254 2405 417 2476 quaterque
439 2415 584 2477 prospero
607 2399 666 2460 fato
690 2399 750 2459 dati

132 2496 223 2563 *quos
244 2483 342 2544 hausit
365 2493 394 2543 et
415 2483 542 2561 peremit
564 2492 594 2543 et
614 2484 673 2545 leto
697 2484 777 2545 dedit

148 2569 248 2629 odium
272 2559 481 2645 dolusque'-
504 2569 630 2645 genitor,
654 2569 771 2630 invideo
799 2569 865 2629 tihi:

148 2653 288 2714 Colchide
310 2670 436 2715 noverca
458 2653 553 2713 maius
574 2654 657 2731 haec,
679 2654 775 2715 maius
797 2655 906 2716 maium
929 2663 982 2714 est.

145 2757 191 2799 en.
260 2737 297 2798 Et
320 2737 383 2817 ipsa
406 2745 524 2799 nostrae
546 2738 603 2798 iata
625 2757 773 2818 cognosco
797 2740 915 2800 domus:

145 2822 284 2902 fugienda
306 2822 449 2902 petimus3
473 2824 524 2884 sed
547 2823 604 2883 mei
627 2842 687 2884 non
711 2842 776 2884 sum
800 2833 916 2903 potens.

146 2918 175 2968 te
196 2908 242 2969 vel
264 2924 320 2987 per
341 2907 435 2984 ignes,
458 2925 513 2986 per
533 2925 615 2969 mare
637 2908 774 2970 insanum
798 2927 906 2988 sequar

144 3011 297 3073 rupesque
319 3001 349 3053 et
370 3010 482 3066 amnes,
505 2993 584 3053 unda
608 3011 683 3072 quos
706 3004 824 3055 torrens
847 2994 937 3073 rapit;

145 3096 333 3156 quacumque
356 3094 475 3154 gressus
496 3077 600 3138 tuleris
621 3079 677 3139 hac
698 3097 800 3140 amens
822 3097 892 3158 agar
915 3109 956 3124 -

145 3163 262 3237 iterum,
286 3161 425 3240 superbe,
449 3161 574 3239 genibus
597 3163 734 3224 advolvor
756 3164 825 3225 tuis.

145 3397 160 3434 o
178 3382 260 3434 maius
278 3395 340 3433 ausa
358 3383 438 3432 matre
455 3379 615 3432 monstrifera
633 3354 729 3433 nialum
1177 3391 1221 3433 ese

230 3603 279 3654 669
301 3600 388 3652 mittor
411 3597 443 3653 A.
467 3627 500 3638 -
524 3598 639 3651 discendi
662 3599 687 3650 Ε
784 3602 831 3653 6ῖ1
857 3615 947 3651 ruma.
970 3611 1061 3665 magna
1083 3598 1108 3650 Ε
1137 3601 1220 3663 (corr.

143 3683 239 3719 monus
264 3668 297 3718 de
320 3683 374 3734 pua
397 3684 421 3720 υ.
448 3668 484 3718 ad
507 3683 532 3720 υ.
550 3668 612 3731 574)
717 3670 767 3721 673
785 3668 917 3734 ecquando
943 3667 1023 3731 uulgo
1041 3670 1113 3734 (post
1131 3669 1222 3719 Auun-

145 3737 229 3801 dum).
252 3765 287 3774 —
311 3736 407 3788 emittis
428 3735 453 3786 Ε
522 3738 571 3789 oto
595 3750 626 3787 ac
649 3738 735 3788 vestra
758 3734 783 3785 Ε
852 3740 901 3789 667
924 3735 1054 3803 syderium
1075 3735 1101 3787 Ε
1170 3739 1220 3790 618

144 3803 241 3855 radiate
265 3807 365 3855 tantum
388 3818 420 3855 ne
443 3803 515 3856 netas
539 3803 563 3855 Ε
633 3805 683 3856 684
701 3805 742 3866 en]
765 3817 798 3855 en
821 3803 846 3852 A
914 3806 963 3857 688
988 3802 1085 3854 delevit
1107 3804 1222 3856 Botdim

146 3874 194 3924 691
214 3871 328 3924 biformis
346 3872 371 3921 A
388 3871 495 3923 triformi
506 3870 532 3922 Ε
601 3874 651 3924 695
669 3872 737 3922 ausit
754 3870 780 3922 Ε
850 3875 898 3925 698
918 3870 1051 3923 cholchide
1069 3872 1100 3923 Ε.
1118 3901 1152 3911 -
1171 3873 1220 3924 hoc

144 3939 220 3991 codd.
240 3942 361 3992 correxit
378 3937 413 3991 N.
431 3939 556 3990 Heinsius
573 3940 634 3992 adv.
652 3955 679 4006 p.
697 3940 732 3993 68
806 3941 855 3992 862
875 3954 962 3993 emens
980 3954 1072 4006 sequar
1090 3941 1115 3992 A
