2580 4366
549 246 678 290 TROADES
734 212 737 217 >

164 412 193 462 et
214 419 268 496 par
290 399 415 461 sollicito
436 398 533 459 fabula
556 397 682 459 somnio.

166 485 283 566 quaeris
305 504 364 564 quo
387 485 482 545 iaceas
504 492 573 564 post
595 483 708 544 obitum
731 478 822 544 loooi

165 590 223 650 quo
248 589 307 632 non
331 578 398 631 nata
420 569 526 630 iacent.
548 603 590 614 -

384 698 645 762 uuussouacuu

164 798 251 874 Quid,
274 809 381 859 maesta
404 796 548 876 Phrygiae
571 798 666 873 turba,
688 798 822 860 laceratis
847 813 946 857 comos

78 885 280 963 miserumque
302 892 406 944 tunsae
428 893 533 962 peetus
556 882 649 944 effuso
673 901 763 962 genas

78 971 150 1031 fletu
174 965 295 1048 rigatis?
316 968 389 1029 levia
411 985 570 1047 perpessae
594 987 706 1042 sumus,

77 1055 103 1116 si
126 1054 221 1116 flenda
245 1053 382 1134 patimur.
426 1052 512 1113 Ilium
534 1052 617 1113 vobis
640 1053 737 1129 modo,

77 1140 151 1200 mihi
174 1139 278 1201 oeoidit
299 1139 379 1215 oiim,
403 1157 470 1198 oum
493 1139 574 1199 ferus
597 1157 686 1199 curru
709 1137 800 1199 incito

78 1244 143 1286 inea
165 1224 295 1285 membra
317 1231 434 1303 raperet
456 1231 485 1284 et
507 1224 585 1301 gravi
609 1232 740 1302 gemeret
760 1240 835 1283 sono

77 1308 213 1371 Peliacus
234 1309 296 1371 axis
319 1308 451 1389 pondere
472 1307 617 1370 Hectoreo
641 1318 779 1369 tremens.

78 1405 152 1456 tuno
174 1395 278 1455 obruta
301 1404 389 1473 atque
411 1412 511 1455 eversa
533 1395 742 1473 quodcumque
764 1392 869 1454 aoeidit
901 1436 910 1453 .

79 1491 203 1559 torpens
225 1479 310 1540 malis
331 1480 492 1558 rigensque
514 1480 579 1539 sine
601 1497 690 1540 sensu
713 1479 786 1539 fero.

77 1566 135 1626 iam
159 1573 258 1644 erepta
282 1563 389 1624 Danais
412 1564 568 1642 coniugem
591 1581 733 1643 sequerer
755 1581 864 1637 meum,

80 1650 137 1711 nisi
159 1649 209 1711 hio
231 1656 360 1710 teneret:
384 1649 433 1709 hie
454 1667 537 1709 meos
559 1649 673 1709 animos
696 1647 794 1708 domat

78 1735 213 1814 morique
236 1734 388 1813 prohibet;
421 1734 499 1812 cogit
521 1735 569 1794 hio
591 1733 701 1813 aliquid
724 1732 795 1794 deos

79 1821 175 1882 adhuc
196 1838 302 1899 rogare
323 1853 365 1864 -
388 1827 504 1897 tompus
526 1836 684 1879 aerumnae
705 1817 823 1879 addidit.

78 1906 127 1966 hio
149 1905 220 1965 mihi
243 1905 387 1966 maiorum
409 1903 566 1965 maximum
589 1905 719 1964 fructum
741 1902 870 1976 abstulit,

80 1990 155 2052 nihii
177 1991 297 2052 timere:
329 1989 482 2069 prosperis
504 1989 594 2049 rebus
615 1988 700 2049 ioous

80 2083 199 2154 ereptus
222 2075 328 2148 omnis,
357 2073 418 2136 dira
442 2092 497 2153 qua
520 2074 640 2134 veniant
661 2071 778 2133 habent.

79 2161 277 2222 miserrimum
301 2169 344 2220 est
367 2160 479 2233 timere,
502 2177 570 2220 oum
593 2176 696 2239 speres
718 2157 801 2218 nihil.

404 2288 527 2350 SENEX

80 2388 153 2460 Quis
174 2397 204 2449 te
225 2407 334 2468 repens
357 2389 516 2449 commovit
537 2387 672 2448 afflictam
694 2385 813 2449 metus?

80 2491 165 2534 nunu
209 2473 349 2535 Exoritur
370 2473 490 2552 aliquod
511 2473 605 2534 maius
628 2492 663 2534 ex
684 2492 791 2552 magno
813 2474 932 2535 malum.

81 2558 213 2620 nondum
236 2558 350 2619 ruentis
372 2558 417 2619 liii
440 2560 531 2619 satum
555 2558 645 2619 stetit.

80 2662 143 2704 sun.
187 2643 225 2704 Et
247 2662 320 2721 quas
342 2643 480 2722 reperiet,
503 2652 536 2704 ut
558 2642 636 2709 velit
660 2641 756 2704 clades
778 2639 873 2703 deus?

80 2747 166 2788 anon.
210 2728 309 2807 Stygis
331 2727 496 2807 profundae
520 2729 645 2789 claustra
668 2737 697 2788 et
718 2727 837 2788 obscuri
859 2746 966 2807 specus

79 2814 214 2874 laxantur
237 2822 275 2886 et,
299 2831 336 2873 ne
359 2812 434 2874 desit
457 2814 565 2873 eversis
588 2819 694 2884 metus,

79 2899 181 2959 hostes
203 2897 267 2958 ab
261 2916 320 2958 imo
343 2897 452 2958 conditi
477 2897 542 2958 Dite
564 2907 673 2958 exeunt
694 2931 736 2942 —-

81 2983 192 3044 solisne
214 2989 293 3043 retro
317 2983 448 3062 pervium
472 2991 517 3043 est
536 2982 645 3043 Danais
667 2979 744 3043 iteri

81 3077 162 3128 oerte
184 3086 276 3147 aequa
299 3086 379 3138 mors
401 3077 461 3128 est:
491 3065 589 3128 turbat
611 3074 700 3146 atque
722 3065 811 3144 agitat
831 3062 963 3145 Phrygas

81 3153 248 3214 communis
270 3153 325 3213 iste
346 3161 458 3226 terror;
488 3150 537 3213 hio
557 3153 679 3232 proprie
701 3169 798 3212 meum

74 3246 209 3299 ‘exterret
229 3237 359 3299 animum
384 3237 479 3298 noetis
501 3237 666 3297 horrendae
687 3253 788 3315 sopor.

81 3342 144 3383 suu.
190 3322 270 3394 Quae
290 3322 350 3382 visa
371 3319 495 3402 portas?
523 3322 596 3382 effer
616 3321 647 3381 in
670 3321 797 3382 medium
820 3327 926 3381 metus.

82 3426 166 3468 anun.
210 3405 312 3469 Partes
334 3408 395 3469 iere
418 3427 475 3467 nox
498 3407 572 3468 alma
593 3405 751 3468 transierat
773 3404 845 3465 duas

82 3491 253 3572 clarumque
276 3501 388 3570 septem
411 3499 559 3552 verterant
579 3490 679 3553 stellae
701 3490 819 3568 iugum3

82 3576 180 3655 ignota
202 3577 320 3637 tandem
342 3577 423 3638 venit
443 3576 567 3636 afflictae
591 3575 675 3655 quies
1105 3581 1152 3633 440

166 3711 225 3761 tor.
244 3711 294 3762 408
310 3714 411 3774 ρ.οείυ
429 3707 479 3761 399
496 3709 522 3759 A
588 3711 638 3761 409
656 3723 768 3759 scarane
785 3709 959 3773 inscriptum:
953 3702 1152 3758 Andromeda

80 3776 164 3829 Senex
181 3775 342 3828 Antianaxlt'
367 3775 434 3828 And
448 3776 473 3829 S.
486 3776 658 3828 VlixesA.-
667 3775 715 3827 iao.
724 3777 851 3840 manus&
901 3777 952 3827 416
969 3787 1059 3826 eversa
1077 3771 1152 3825 Troia

81 3843 192 3897 concidit
209 3846 235 3895 A
304 3845 351 3897 417
375 3844 483 3898 ferorA
551 3847 601 3898 42ss
618 3848 735 3910 repetens
754 3844 779 3896 Ε
841 3844 889 3896 437
908 3840 1043 3910 3Ιίᾳυίος
1101 3842 1152 3897 430

80 3910 154 4033 δὲξςι
130 3910 301 3992 giiproiundi
313 3912 362 4032 ‘AB
396 3915 445 3965 432
464 3912 563 3965 tumulo
581 3919 673 3964 exeunt
690 3913 715 3963 A
766 3915 816 3966 437
834 3914 938 3980 portant
954 3910 981 3962 A
1014 3912 1154 3978 porteuts'

81 3984 97 4033 4
150 3996 201 4033 nox
219 3981 269 4032 iam
287 3985 311 4031 tr
