2580 4366
462 250 466 255 ·
533 225 665 273 hunitune

145 373 196 434 sed
218 384 301 437 33331
321 384 413 437 133133
435 378 554 456 penitus
576 381 729 443 medullas.

145 459 226 520 nulla
249 480 306 540 pax
328 462 376 522 isti
398 480 508 541 puero:
532 483 586 544 per
608 466 710 528 orbem

145 544 257 623 spargit
279 546 386 607 effusas
408 549 492 628 agilis
514 551 650 629 sagittas;

146 648 279 708 quaeque
302 642 472 694 nascentem
494 634 573 696 videt
595 654 646 696 ora
668 638 771 716 solem,
863 664 873 677 ⁸

145 731 279 793 quaeque
302 716 336 776 ad
360 716 518 796 Hesperias
540 720 616 781 iacet
637 739 688 783 ora
709 732 812 799 metas,

145 798 170 858 si
193 818 250 878 qua
271 801 395 863 terrenti
418 802 549 865 subiecta
571 823 691 884 cancro,

143 883 168 944 si
191 904 249 964 qua
270 885 442 949 Parrhasiae
464 888 592 967 glacialis
618 909 705 952 ursae

144 988 262 1049 semper
285 982 416 1034 errantes
439 974 552 1056 patitui¹
572 975 704 1051 colonos,

143 1055 225 1115 novit
246 1057 301 1118 hos
323 1067 431 1119 aestus.
475 1059 615 1120 iuvenum
637 1061 752 1124 feroces

144 1141 272 1202 concitat
293 1143 423 1204 flammas
445 1143 626 1224 senibusque
646 1146 733 1210 fessis

142 1242 247 1286 rursus
270 1227 415 1289 extinctos
436 1240 554 1292 revocat
577 1231 699 1303 calores,

142 1309 291 1396 virginum
313 1313 415 1390 ignoto
438 1315 506 1376 13311
528 1315 597 1393 igne
618 1316 726 1400 pectus'

143 1403 172 1454 et
193 1395 275 1456 iubet
297 1397 377 1458 caelo
399 1418 525 1479 superos
550 1400 654 1462 relicto

142 1478 269 1541 vultibus
292 1483 373 1543 falsis
394 1484 525 1545 habitare
548 1494 651 1547 terras.

141 1563 272 1626 Thessali
294 1567 432 1630 Phoebus
454 1571 572 1648 pecoris
593 1568 735 1648 magister
798 1573 801 1576 ’

141 1651 200 1727 egit
222 1662 389 1714 armentum
411 1654 569 1733 positoque
592 1656 705 1734 plectro

140 1733 245 1813 impari
266 1747 367 1798 tauros
390 1739 500 1799 calamo
524 1734 643 1801 3333311.

140 1817 237 1882 induit
257 1823 368 1882 formas
390 1824 528 1902 quotiens
549 1825 687 1908 minores

140 1905 204 1985 ipse
227 1907 278 1984 qui
301 1907 415 1968 caelum
439 1909 620 1989 nebulasque
642 1909 761 1974 llecit:

139 1990 277 2052 candidas
299 1992 359 2053 ales
380 1994 469 2054 modo
492 1995 583 2055 movit
604 1995 673 2072 alas,

140 2074 256 2136 dulcior
278 2096 378 2139 vocem
401 2079 547 2140 moriente
570 2097 682 2158 cygn03

138 2159 237 2221 lronte
258 2181 340 2223 nunc
362 2173 442 2225 13333
464 2164 602 2244 petulans
623 2165 774 2226 iuvencus·

78 2289 94 2325 ι.
139 2244 287 2323 virginum
310 2249 411 2311 stravit
432 2268 485 2311 sua
507 2257 590 2328 terga
611 2249 691 2323 ludo,

70 2376 73 2381 .
139 2347 252 2408 perque
275 2331 421 2394 fraternos
444 2353 517 2395 nova
539 2353 631 2414 regna
653 2335 761 2398 fluctus

139 2416 250 2496 ungula
271 2417 368 2478 lentos
390 2419 522 2480 imitante
545 2438 643 2481 remos

137 2509 259 2578 pectore
281 2503 402 2564 adverso
425 2505 539 2588 domuit
560 2505 752 2584 profundum,

138 2602 192 2662 pro
215 2605 268 2646 sua
281 2593 390 2649 'vector
411 2589 531 2651 timidus
553 2591 666 2670 rapina.

138 2670 209 2730 arsit
232 2672 350 2735 obscuri
373 2675 426 2736 dea
450 2676 527 2736 clara
549 2675 652 2735 mundi

95 2765 225 2816 =-nocte
248 2757 362 2820 deserta
385 2760 554 2839 nitidosque
575 2759 659 2820 lrat'ri

137 2840 255 2903 tradidit
277 2862 384 2904 currus
406 2845 490 2905 aliter
511 2844 674 2922 regendos:

137 2923 186 2986 ille
208 2937 369 2989 nocturnas
391 2930 501 3006 agitare
522 2929 606 3006 bigas

138 3012 223 3074 discit
246 3023 275 3075 et
297 3032 369 3094 gyro
392 3013 526 3076 breviore
547 3013 637 3094 flecti,

138 3097 207 3159 dum
230 3107 361 3160 tremunt
382 3118 450 3160 axes
473 3098 606 3178 graviore
628 3115 734 3172 curru;

137 3201 193 3244 nec
214 3201 302 3245 suum
323 3194 442 3265 tempus
465 3194 589 3246 tenuere
612 3191 714 3244 noctes

137 3277 165 3329 et
187 3268 249 3346 dies
272 3270 353 3330 tardo
376 3270 517 3330 remeavit
539 3277 616 3330 ortu.

136 3363 222 3415 natus
245 3352 384 3415 Alcmena
407 3355 508 3434 posuit
529 3354 681 3434 pharetras

136 3447 164 3499 et
186 3436 285 3499 minax
307 3440 378 3500 vasti
401 3439 529 3518 spolium
544 3438 656 3522 leonis,

134 3542 240 3604 passus
262 3524 355 3603 apta'ri
378 3524 477 3603 digitis
499 3522 669 3601 zmaragdos

134 3693 184 3744 286
202 3704 321 3758 quaeque
339 3689 371 3741 ad
389 3705 495 3742 occasus
508 3690 575 3741 13331
592 3703 636 3740 ora
654 3688 760 3740 serosA
812 3688 860 3740 281
880 3699 972 3738 cancro
990 3688 1031 3738 est
1047 3687 1124 3766 codd.

48 3763 165 3821 3333331
215 3760 264 3810 288
283 3758 305 3810 31
328 3773 377 3825 qua
396 3759 498 3810 maioris
517 3756 638 3824 313311
695 3754 894 3810 2001331338
945 3753 1125 3808 300313331Α

114 3825 275 3894 εληγερέταν
291 3829 389 3879 innuit.
417 3827 461 3894 qui
478 3827 549 3878 caelo
566 3824 673 3878 nebulas
689 3823 970 3877 redeundumne
981 3823 1041 3874 odo.
1051 3839 1080 3890 p.
1089 3825 1124 3876 65

47 3829 119 3948 (318313
144 3895 250 3946 nebulas
273 3895 359 3959 coegit
382 3894 414 3946 de
437 3895 628 3949 Wilomowi'tr.
659 3895 723 3955 fort.
741 3885 840 3945 caelum
862 3890 1020 4014 nebulasque
1043 3891 1123 3960 cogit)

48 3965 98 4016 302
116 3977 180 4015 3333
197 3963 222 4013 Ε
292 3964 340 4015 305
363 3964 429 4014 male
447 3978 526 4031 regnu
543 3964 569 4014 A
638 3964 688 4016 316
706 3964 880 4030 0313313331
895 3977 920 4014 o.
935 3960 980 4014 31·
