2580 4366
114 197 158 261 58
500 217 528 257 u.
551 217 656 258 nunnus
677 218 803 261 sunnone

116 368 272 447 brevisque
294 368 380 428 fessis
403 386 525 429 somnus
548 368 679 448 obrepsit
700 370 793 447 genis,

114 453 142 514 si
164 471 287 514 somnus
309 452 357 514 ille
380 461 424 514 est
446 454 552 514 mentis
573 454 713 515 attonitae
735 462 855 535 stupor:

116 557 184 601 oum
206 537 305 599 subito
329 545 446 599 nostros
468 537 578 599 llector
600 547 667 600 ante
690 540 792 601 oculos
815 542 904 619 stetit,

116 641 177 685 non
200 623 295 702 qualis
317 622 396 684 ultro
418 622 491 684 bella
515 623 545 684 in
570 623 691 701 Argivos
712 625 811 686 ferens

111 708 218 770 ¹Graios
240 707 359 788 petebat
382 708 494 770 facibus
515 708 609 770 Idaeis
632 718 717 785 retes,

116 812 171 855 neo
194 793 281 855 caede
303 793 393 854 multe
416 793 511 874 qualis
532 794 564 855 in
588 794 702 855 Danaos
724 797 827 856 lurens

111 896 183 940 vera
206 897 241 940 ex
263 879 376 963 Achille
398 879 492 957 spolia
514 879 650 951 simulato
673 879 749 955 tulit,

113 983 177 1025 non
199 963 248 1025 ille
270 964 368 1025 vultus
390 965 558 1025 flammeum
581 965 740 1026 intendens
762 964 856 1041 iubar,

108 1049 167 1111 sed
190 1050 284 1110 lessus
306 1068 340 1110 ao
363 1049 493 1110 deiectus
516 1057 545 1110 et
566 1050 636 1111 lietu
660 1049 754 1128 gravis

114 1133 278 1213 similisque
300 1141 412 1209 nostro,
436 1135 568 1214 squalido
591 1134 727 1197 obtectus
750 1153 841 1195 como.

115 1220 194 1281 iuvet
215 1227 312 1280 temen
334 1219 455 1293 vidisse;
484 1229 546 1281 tum
570 1237 713 1298 quassans
735 1227 838 1300 ceput:

111 1303 249 1384 ‘dispelle
270 1305 399 1365 somnos’
422 1304 520 1383 inquit
543 1309 582 1365 ‘et
604 1312 704 1365 natum
728 1307 818 1385 eripe,

113 1409 133 1450 o
155 1389 212 1450 lida
234 1389 379 1450 coniunx:
406 1389 503 1464 lateat,
526 1392 598 1450 baec
613 1408 679 1453 una
702 1401 747 1452 est
769 1391 856 1451 salus.

114 1475 217 1536 omitte
238 1475 325 1536 lictus
349 1509 389 1519 -
411 1474 498 1536 Troia
523 1476 601 1554 quod
624 1474 729 1537 cecidit
752 1473 866 1554 gemis?

115 1560 226 1622 utinam
249 1559 357 1621 iaceret
379 1567 448 1621 tota.
491 1559 607 1636 festino,
630 1579 731 1622 amove

114 1662 304 1725 quocumque
326 1652 444 1706 nostrae
467 1645 618 1724 parvulam
639 1645 762 1725 stirpem
785 1646 909 1706 domus!

113 1731 185 1794 mibi
208 1730 324 1810 gelidus
345 1730 452 1791 horror
474 1749 508 1791 ao
530 1739 641 1792 tremor
662 1748 800 1791 somnum
823 1730 943 1810 expulit,

114 1815 277 1895 oculosque
299 1834 381 1876 nunc
402 1816 462 1875 huc
484 1815 595 1896 pavida,
620 1834 701 1876 nuuc
723 1814 794 1876 illuc
816 1816 914 1877 ferens

114 1901 202 1964 oblite
225 1902 286 1962 nati
308 1899 415 1961 misera
437 1902 567 1979 quaesivi
590 1900 761 1962 Hectorem:

114 1989 199 2050 fallax
221 2004 274 2066 per
296 1985 377 2065 ipsos
400 1985 504 2046 umbra
525 1987 698 2066 complexus
721 1985 789 2047 abit.

199 2072 223 2135 0
248 2079 325 2148 note,
348 2071 446 2149 magni
469 2079 549 2132 certa
571 2071 729 2151 progenies
752 2072 852 2150 petris,

112 2177 182 2239 spes
204 2175 263 2218 una
287 2155 462 2236 Phrygibus,
484 2156 574 2217 unica
596 2156 718 2217 alilictee
741 2156 855 2229 domus,
953 2182 955 2187 ·

112 2243 277 2322 veterisque
299 2240 418 2302 suboles
441 2241 593 2318 sanguinis
617 2241 741 2301 nimium
763 2241 857 2302 incliti

115 2329 298 2406 nimiumque
320 2325 395 2406 petri
419 2325 536 2386 similis:
560 2326 616 2387 hos
637 2326 735 2387 vultus
758 2344 842 2386 meus

113 2412 238 2474 habebat
259 2410 378 2486 llector,
401 2410 466 2471 talis
489 2410 606 2472 incessu
632 2411 688 2472 luit

113 2498 274 2577 habituque
296 2495 371 2571 talis,
394 2496 437 2557 sic
459 2495 526 2556 tuli't
548 2497 639 2557 lortes
661 2513 776 2567 monus,

111 2584 155 2646 sio
178 2581 274 2643 celsus
296 2580 417 2661 umeris,
439 2581 537 2642 fronte
559 2581 602 2643 sic
623 2589 704 2641 torva
726 2581 824 2640 minax

113 2669 226 2730 cervice
250 2668 344 2727 lusam
367 2666 514 2746 dissipans
536 2667 609 2727 iacto
632 2684 744 2726 comam
766 2699 808 2710 -

112 2772 130 2813 o
154 2761 220 2815 nate
242 2769 309 2812 sero
332 2750 508 2831 Phrygibus,
532 2771 549 2812 o
571 2751 657 2812 matri
680 2749 748 2825 cito,

112 2839 209 2900 eritne
231 2844 348 2916 tempus
371 2835 443 2898 illud
466 2855 500 2897 oc
521 2836 590 2897 felix
612 2836 674 2896 dies

111 2942 172 3004 quo
195 2922 294 2982 Troici
317 2919 455 2982 defensor
477 2929 506 2982 et
527 2920 632 2982 vindex
654 2919 710 2980 soli

111 3007 237 3070 redivivo
259 3024 352 3087 ponas
374 3005 515 3084 Pergama
538 3012 567 3067 et
588 3024 707 3086 sparsos
728 3004 798 3082 luga

112 3093 190 3155 cives
211 3093 346 3166 reducas,
372 3110 481 3152 nomen
504 3099 533 3152 et
554 3092 664 3171 patriae
687 3107 774 3151 suum

111 3177 337 3259 Phrygibusque
359 3173 484 3238 reddas?
527 3176 580 3237 sed
601 3176 659 3237 mei
680 3174 731 3235 foti
757 3191 871 3235 memor

111 3272 170 3324 tem
192 3281 298 3342 magna
319 3261 407 3323 timeo
429 3269 559 3322 vota-
580 3260 660 3340 quod
682 3259 774 3340 captis
796 3264 841 3319 sot
863 3266 915 3329 est,

111 3349 250 3410 vivamus.
294 3348 353 3407 heu
375 3365 432 3423 me,
456 3345 522 3426 quis
544 3346 628 3408 locus
650 3345 726 3406 lidus
747 3362 813 3405 meo

112 3434 168 3495 erit
189 3433 286 3494 timori
310 3450 401 3511 quave
423 3440 452 3493 te
474 3431 543 3493 sede
570 3426 725 3493 occulam‘l

111 3537 162 3579 arx
183 3518 232 3579 illa
254 3517 371 3597 pollens
393 3516 500 3597 opibus
522 3525 551 3579 et
572 3517 666 3578 munis
689 3514 786 3588 deum,

196 3687 246 3738 446
264 3683 342 3736 coede
359 3687 433 3736 vesto
450 3684 483 3737 A.
502 3712 535 3721 -
552 3681 681 3748 Danaisg
749 3682 799 3734 446
821 3678 998 3744 incendens?
1065 3682 1116 3734 ttt
1139 3678 1185 3732 ‹le-

111 3751 179 3820 pelle
196 3753 221 3803 A
280 3755 329 3804 tot
349 3751 445 3803 excutit
463 3752 488 3802 A
539 3753 590 3803 462
608 3765 667 3818 spes
686 3750 738 3801 vite
758 3748 853 3814 Phng
904 3748 954 3801 468
972 3747 1024 3799 nh
1042 3762 1143 3801 murem
1160 3749 1185 3801 A

111 3822 162 3873 469
180 3819 328 3872 osmundo
348 3820 405 3870 loeo
424 3822 513 3884 οηι.ς
547 3824 574 3870 ot
590 3818 702 3884 matrig
752 3818 803 3870 472
821 3814 933 3868 recidive
954 3815 1027 3867 A.-
1044 3815 1186 3884 poenasss

111 3890 161 3968 476
173 3889 263 4007 ἕως
282 3902 299 3939 u
317 3901 382 3937 occo
403 3889 459 3940 lm.
480 3887 503 3937 ll
554 3889 604 3939 tlt
624 3887 789 3953 Prigibusque
807 3883 837 3937 u.
855 3912 889 3923 -
907 3883 1039 3937 immemor
1056 3885 1081 3937 A
1133 3887 1184 3939 l'lb

111 3971 155 4024 qm
