2580 4366
528 241 705 292 ΑΕΑΜΕῙΙΝΟΝ

78 412 139 454 non
164 392 247 454 nivea
270 393 370 471 proles
390 391 508 472 Cycnus
530 396 669 472 aequorei
693 394 749 468 dei,

80 498 142 540 nou
163 477 303 538 bellicoso
326 477 453 538 Thressa
477 495 543 538 oum
567 478 665 541 Rheso
688 481 825 560 phalanx,

79 582 140 624 non
164 564 241 642 picta
264 563 416 642 pharetras
441 571 470 623 et
491 565 659 641 securigera
682 584 773 626 manu

79 648 186 727 peltata
209 645 361 708 Amazon?
390 648 472 708 bunc
494 649 572 710 domi
596 651 734 710 reducem
758 668 844 730 paras
906 696 909 703 .

42 789 45 795 ,
78 742 206 796 mactare
229 742 257 793 et
279 751 343 794 aras
366 733 453 793 caede
476 733 624 794 maculare
645 732 757 814 impia?

79 819 182 879 victrix
204 818 330 878 inultum
354 817 475 880 Graecia
498 819 556 880 hoc
578 819 693 880 lacinus
714 817 812 880 lereti

79 921 173 981 equos
195 911 223 962 et
246 921 325 963 arma
348 902 551 981 classibusque
573 905 701 965 horrens
722 903 847 966 fretum

78 1006 215 1067 propone
238 997 267 1047 et
289 988 346 1049 alto
370 987 515 1066 sanguine
538 990 690 1051 exundans
712 989 810 1052 solum

79 1083 109 1133 et
131 1082 190 1133 tota
213 1080 313 1151 captae
336 1074 392 1133 lata
415 1073 578 1135 Dardaniae
601 1075 706 1135 domus

78 1167 193 1236 regesta
216 1157 332 1219 Danais.
377 1157 539 1237 comprime
560 1159 692 1220 adlectus
714 1170 814 1221 truces

78 1254 268 1320 mentemque
290 1243 404 1303 tibimet
426 1243 489 1322 ipsa
516 1244 637 1322 pacifica
659 1253 748 1306 tuam.

367 1394 579 1458 AEGlSTllVS

164 1496 249 1567 Quod
271 1507 389 1575 tempus
411 1497 509 1557 animo
532 1515 649 1576 semper
671 1515 705 1557 ac
726 1505 826 1558 mente
848 1497 952 1558 horrui

78 1582 162 1642 adest
184 1583 328 1661 prolecto,
351 1582 440 1641 rebus
463 1590 626 1643 extremum
649 1581 731 1642 meis.

79 1667 150 1746 quid
173 1675 253 1743 terga
275 1665 374 1739 vertis,
397 1664 515 1727 anime?
550 1667 619 1745 quid
642 1667 739 1745 primo
762 1666 875 1744 impetu

78 1751 203 1832 deponis
227 1748 328 1812 arma?
359 1753 446 1814 crede
469 1751 633 1831 perniciem
656 1751 708 1812 tibi

78 1845 107 1897 et
131 1837 190 1897 dira
214 1855 315 1897 saevos
337 1838 394 1898 sata
417 1836 514 1898 moliri
537 1837 617 1897 dece.

78 1940 198 2001 oppone
221 1921 337 1982 cunctis
360 1921 414 1981 vile
438 1920 592 2001 suppliciis
615 1929 712 1999 caput,

77 2008 249 2084 ferrumque
273 2016 301 2066 et
323 2008 406 2084 ignes
430 2018 550 2085 pectore
572 2006 693 2067 adverso
716 2004 829 2084 excipe,

77 2091 231 2170 Aegisthe:
255 2109 315 2151 non
339 2099 384 2151 est
406 2109 500 2169 poena
523 2090 566 2152 sic
589 2101 658 2151 nato
680 2089 765 2153 mori.

77 2186 109 2236 tu
133 2195 187 2236 nos
209 2176 312 2255 pericli
336 2175 490 2249 sociatu,
514 2175 591 2237 Leda
614 2184 684 2248 sata,

77 2262 218 2322 comitare
241 2269 369 2322 tantum:
393 2261 569 2339 sanguinem
591 2262 693 2322 reddet
714 2260 767 2323 tibi

76 2347 200 2423 ignavus
223 2345 277 2406 iste
300 2345 405 2407 ductor
427 2365 460 2407 ac
483 2345 569 2407 lortis
591 2353 684 2424 pater.

76 2430 129 2492 sed
152 2431 221 2508 quid
244 2439 404 2492 trementes
427 2430 534 2492 circuit
555 2431 651 2511 pallor
673 2449 764 2508 genas

76 2518 236 2594 iacensque
258 2515 346 2588 vultu·
362 2515 502 2594 languido
525 2525 648 2595 optutus
670 2513 795 2595 stupet‘l·

76 2620 157 2661 eurr.
202 2603 293 2661 Amor
314 2602 419 2680 iugalis
440 2602 532 2662 vineit
553 2620 587 2661 ac
608 2601 700 2662 dectit
722 2610 817 2662 retro:

77 2686 242 2746 releremur
264 2684 343 2761 illuc,
366 2686 445 2746 unde
468 2705 530 2746 non
553 2687 651 2747 decuit
673 2685 757 2764 prius

76 2769 175 2842 abire;
198 2769 249 2830 sed
273 2788 354 2830 nunc
376 2781 454 2832 casta
477 2779 629 2850 repetatur
649 2771 731 2843 fides,

78 2873 145 2915 narn
169 2873 233 2915 sera
258 2873 418 2933 numquam
442 2863 488 2916 est
509 2855 543 2916 ad
566 2855 662 2916 bonos
683 2872 789 2915 mores,
805 2854 863 2915 via:

77 2958 166 3018 quern
189 2941 318 3018 paenitet
340 2959 478 3020 peccasse
500 2959 595 3020 paene
617 2951 662 3000 est
684 2940 839 3000 innocens.

76 3043 143 3084 nec.
209 3025 275 3096 Quo
297 3025 411 3104 raperis
434 3022 557 3086 amens?
586 3024 682 3085 credis
704 3031 755 3085 aut
776 3041 879 3104 speras
900 3023 955 3086 tibi

77 3109 307 3187 Agamemnonis
328 3110 414 3170 lidele
436 3107 631 3189 coniugium?
660 3101 695 3169 ‘ut
718 3108 791 3170 nihil

76 3194 212 3256 subesset
233 3195 331 3255 animo
354 3195 435 3273 quod
457 3213 557 3274 graves
578 3195 689 3255 laceret
710 3202 823 3254 metus:

77 3289 175 3339 tamen
199 3279 325 3358 superba
349 3288 378 3339 et
399 3280 547 3358 impotens
569 3280 640 3340 flatu
664 3278 752 3339 nimis

76 3365 208 3425 Fortuna
231 3382 339 3443 magno
361 3364 485 3444 spiritus
507 3364 636 3424 tumidos
658 3364 750 3424 daret.

77 3449 172 3526 gravis
195 3449 244 3509 ille
266 3449 355 3510 sociis
378 3459 472 3510 stante
495 3449 590 3509 adlruc
612 3447 702 3508 Troia
723 3447 794 3508 luit:

77 3535 148 3613 quid
171 3552 237 3594 rere
260 3533 295 3594 ad
317 3533 447 3594 animuin
471 3542 574 3612 suapte
598 3543 702 3594 natura
724 3546 837 3596 trucem
1106 3539 1153 3590 tto
1250 3558 1262 3578 ·

164 3703 213 3752 220
232 3700 309 3750 ultrix
326 3702 351 3752 A
419 3702 468 3751 222
487 3714 616 3767 praepone
633 3700 658 3750 A
728 3701 777 3751 225
794 3700 865 3764 ipsa:
884 3712 905 3764 p,
918 3695 979 3748 2m.
996 3699 1014 3748 ι’.
1033 3712 1088 3749 raa.
1106 3699 1152 3763 (ac

76 3770 120 3832 si)
138 3769 163 3819 Il
214 3784 327 3818 ronanus
344 3771 502 3818 incenditur
513 3769 643 3834 Aegialus.
662 3766 840 3833 Clytemestra.
859 3763 984 3824 NutrixE
1000 3763 1064 3832 Aeg.
1083 3765 1150 3833 Clyt.

75 3839 101 3887 A
153 3839 203 3888 229
222 3836 333 3903 permitti
351 3836 397 3887 tibi
412 3836 437 3886 E
489 3839 538 3889 233
559 3834 784 3901 Clytaemestrae
802 3834 876 3884 eatA
927 3834 977 3886 236
995 3833 1068 3886 fortis
1086 3833 1152 3900 pari·
1239 3885 1246 3893 ,

77 3912 116 3955 ter
134 3904 158 3954 E
228 3906 278 3956 nto
296 3904 434 3956 reseremus
452 3904 476 3954 Ε
494 3906 604 3955 corraei
620 3903 767 3967 (referamur
782 3901 940 3967 Gronovius)
958 3916 1100 3954 remeemue
1118 3903 1152 3954 A.

76 3975 126 4025 245
145 3972 335 4038 agamennonis
353 3973 377 4022 ll
452 3975 500 4026 atr
520 3979 546 4024 et
564 3972 685 4023 innocens
702 3970 727 4021 Ε
811 3973 820 3988 ⁴
