2580 4366
598 217 717 261 ocutus

247 366 344 430 luctus
367 378 497 444 nostros,
519 368 629 429 invidet
651 368 737 428 etiam

247 471 301 514 cur
323 453 353 514 in
375 454 469 534 patria
491 452 562 513 mihi
585 471 666 514 saeva
690 451 787 513 moril

247 537 297 598 sed
320 537 376 598 iarn
399 556 467 618 spes
490 544 535 598 est
556 537 637 598 nulla
659 537 776 598 salutis:

245 621 345 682 fratris
366 640 457 683 cerno
479 621 644 684 miseranda
666 631 768 682 ratem.

245 706 300 767 hac
324 725 361 767 en
384 707 469 769 cuius
491 714 571 768 vecta
595 707 693 768 carina

247 791 395 868 quondam
419 791 562 869 genetrix,
585 809 668 853 nunc
690 801 719 852 et
739 790 874 872 thalamis

247 875 368 955 expulsa
391 893 477 937 soror
498 875 663 937 miseranda
685 874 782 937 vehar.

246 959 363 1021 nullum
384 960 481 1022 Pietas
504 979 586 1021 nunc
608 978 719 1021 numen
741 960 829 1022 habet

247 1062 303 1105 nec
324 1052 394 1105 sunt
416 1045 533 1124 superi:
557 1053 661 1123 regnat
682 1044 793 1106 mundo

246 1128 337 1190 tristis
359 1129 476 1209 Erinys,

246 1214 314 1290 quis
334 1231 399 1274 mea
422 1212 510 1291 digne
533 1213 642 1274 deflere
664 1220 763 1292 potest

245 1295 342 1358 mala?
373 1316 447 1377 quae
469 1297 598 1358 lacrimis
620 1297 731 1359 nestris
754 1306 879 1376 questus

246 1381 348 1443 reddat
369 1380 486 1443 aedon?
515 1383 600 1443 cuius
622 1401 737 1461 pennas

244 1466 358 1527 utinam
381 1466 506 1528 miserae
527 1466 600 1528 mihi
624 1467 680 1528 lata
704 1466 822 1528 darentl

245 1550 379 1629 lugerem
402 1551 501 1612 luctus
524 1551 636 1613 sublata
658 1569 741 1612 meos

245 1654 342 1714 penna
366 1635 479 1697 volucri
502 1635 606 1716 procul
630 1643 659 1696 ct
680 1646 790 1719 coetus

141 1733 144 1740 '
245 1720 399 1781 hominum
423 1721 522 1782 tristes
544 1720 723 1798 caedemque
745 1721 846 1782 seram.

245 1804 306 1865 sola
329 1806 359 1866 in
382 1823 473 1866 vacue
497 1823 617 1867 nemore
640 1814 670 1866 ct
690 1806 773 1866 tenui

245 1906 325 1949 ramo
348 1889 484 1969 pendens
507 1890 633 1968 querulo
655 1908 772 1969 possem

245 1982 363 2052 gutture
385 1983 528 2035 maestum
551 1975 676 2036 fundere
699 1992 842 2037 murmur.

245 2077 327 2149 cnop.
371 2059 494 2138 Regitur
516 2058 584 2121 latis
605 2060 728 2121 mortale
751 2078 854 2137 genus,

243 2161 300 2203 nec
321 2142 376 2204 sibi
400 2144 556 2223 quisquam
579 2144 727 2224 spondere
748 2151 846 2224 petest

242 2228 359 2288 firmum
382 2240 413 2290 et
435 2227 538 2290 stabile
584 2250 600 2287 s
686 2248 705 2280 s

242 2330 296 2390 per
323 2330 398 2392 quae
421 2331 506 2373 casus
529 2312 615 2376 volvit
637 2315 733 2376 varios

240 2414 358 2476 semper
380 2397 465 2458 nobis
488 2398 645 2460 metuenda
668 2400 747 2472 dies3

242 2481 371 2541 animum
394 2483 513 2542 firment
535 2483 667 2563 exempla
689 2491 784 2556 tuum,

241 2565 296 2625 iam
320 2565 410 2626 multa
434 2565 538 2626 demus
560 2585 636 2647 quac
657 2575 752 2629 vestra
773 2565 854 2628 tulit:

241 2649 312 2728 quid
333 2651 447 2712 saevior
469 2661 514 2711 est
534 2650 664 2715 Fortuna
687 2649 763 2713 tibi‘l

241 2745 273 2795 tu
295 2734 366 2796 mihi
390 2735 518 2815 primurn

240 2829 283 2880 tot
306 2830 441 2880 natorum
465 2819 652 2882 memoranda
675 2838 792 2899 parens,

241 2913 306 2965 nata
331 2905 489 2984 Agrippae,
512 2922 607 2977 nurus
629 2905 764 2982 Augusti,

241 2988 372 3050 Caesaris
394 2996 489 3064 uxor,
502 2989 597 3057 cuius,
610 3006 719 3050 nornen

241 3073 353 3134 clarum
377 3080 439 3135 tcto
462 3073 545 3135 fulsit
565 3073 596 3133 in
620 3073 701 3147 orbe,

241 3167 325 3219 utero
347 3159 457 3219 totiens
480 3158 565 3220 enixa
587 3159 666 3236 gravi

241 3244 366 3323 pignora
390 3245 481 3322 pacis,
503 3260 572 3304 inex
594 3243 713 3303 exilium

111 3375 315 3388 ——n——u—

195 3460 245 3512 968
263 3458 326 3511 haec
343 3459 365 3509 L
384 3459 467 3524 (vulg.
479 3475 503 3512 v.
514 3460 550 3524 l).
569 3487 602 3496 -
621 3458 663 3525 en]
682 3462 722 3510 est
740 3456 816 3508 codd.
827 3455 1089 3522 correxitl’ae‘penn
1142 3460 1191 3510 910

108 3526 199 3579 misera
217 3530 242 3577 Σ
292 3525 497 3590 9161666619]
516 3524 639 3578 reddeth
657 3525 774 3578 redderet
790 3523 878 3576 Mun.
899 3553 929 3562 -
949 3523 1014 3575 edon
1034 3524 1112 3576 codd.
1132 3541 1190 3576 car·

108 3599 181 3648 rexit
197 3598 330 3665 Aventius
415 3597 465 3648 918
484 3595 567 3647 ablate
593 3592 670 3646 codd.
694 3591 790 3659 (nlrlale
810 3593 845 3658 D)
868 3595 988 3645 corraeit
1009 3590 1191 3644 Bueclaloree

107 3665 158 3725 926
175 3663 316 3729 sedereque
333 3661 365 3713 N
378 3661 544 3730 celeremque
562 3662 594 3712 M
659 3663 709 3714 921
726 3676 801 3712 cnon.
823 3677 873 3713 om.
892 3660 914 3712 l
983 3662 1032 3712 925
1051 3661 1191 3726 quiequam

108 3731 190 3796 (vulg.
203 3731 265 3792 ul.)
284 3730 306 3781 L
358 3732 408 3782 926
426 3730 550 3782 lacunam
569 3733 681 3795 agnovit
696 3729 830 3794 Pciparue.
867 3745 936 3795 quaa
952 3731 991 3778 sic
1007 3725 1066 3788 fere
1084 3728 1192 3793 expleri

101 3802 203 3864 poerit·
220 3798 337 3852 stabilem
355 3796 411 3866 [per
431 3805 521 3851 cuncta
541 3797 615 3850 deum
634 3802 748 3864 ternpcra
767 3797 848 3860 vilae]
907 3798 958 3849 926
975 3811 1014 3860 sq.
1033 3795 1146 3846 dimetri
1161 3799 1190 3845 in

105 3865 181 3916 cedd.
266 3868 314 3917 927
335 3879 385 3931 que
402 3868 421 3916 i.
438 3883 493 3919 raa.
510 3868 526 3919 4
542 3866 592 3919 tue.
610 3865 638 3914 H
652 3868 739 3932 (quem
758 3871 784 3915 et
802 3879 880 3932 quam
893 3870 931 3930 ς).
955 3891 989 3900 -
1012 3861 1128 3916 volvitur
1139 3861 1189 3914 nu

104 3930 304 3986 manuscrit
355 3935 403 3985 931
423 3931 499 3985 tuiN
547 3935 598 3988 939
616 3948 711 3984 rursus
728 3931 868 3998 incipttl'
916 3934 966 3986 936
984 3929 1059 3981 fulxit
1077 3929 1138 3981 110¹
