2580 4366
586 247 743 290 munnere.
1135 235 1198 298 219

328 421 410 486 quern
430 417 480 460 mc
501 416 621 460 nouerca
640 401 735 477 potuit
755 397 830 460 bum
847 402 971 478 perimes
992 401 1111 463 uirum?

329 489 402 552 DEl.
425 483 548 547 coelestis
570 489 615 545 iro
638 501 706 562 quos
723 488 832 562 premit
852 487 970 547 miseros
991 486 1071 564 fucit,

327 574 454 636 bumouo
475 569 579 632 cultos.
624 566 709 628 NVT.
728 586 816 648 parce
837 572 999 633 miserande
1022 582 1048 633 et
1069 576 1147 634 time.

327 660 362 721 D.
386 657 551 735 contempsit
572 671 669 717 omme
690 652 738 713 ule
759 660 810 734 qm·
829 663 948 716 mortem
967 659 1069 735 prius,-

328 745 395 807 libct
416 749 459 805 ire
479 744 511 800 iu
533 758 618 801 emes.
662 737 698 797 N.
720 743 814 799 mm'or
835 741 958 801 admisso
980 752 1056 812 tuus,

327 831 454 897 olumuu,
476 823 558 887 dolor
579 836 634 886 est:
660 822 743 902 culpo
760 842 820 903 pur
842 826 940 885 odium
962 829 1067 905 em'put.

156 903 191 969 luo
211 914 283 975 nullo
312 915 399 976 modo
424 908 611 987 ,intellegitur
640 926 694 968 our
716 906 852 969 Deianira
881 909 990 970 nutrici
1021 913 1198 993 respondeat

154 993 244 1060 aeluri
263 999 306 1061 ira
328 999 464 1061 homines
487 994 611 1055 miseros
631 992 705 1066 fieri,
729 1011 790 1054 non
812 993 957 1068 bumana;
981 994 1061 1074 quod
1084 1016 1139 1058 neo
1161 999 1197 1060 ad

150 1069 281 1145 Herculem
304 1104 360 1146 nec
382 1082 577 1165 postumo
600 1077 635 1139 ad
657 1078 751 1155 ipsam
773 1096 830 1139 neo
847 1079 883 1139 ad
899 1097 1077 1159 quemquam
1092 1084 1197 1145 relerri

148 1172 233 1234 potest.
274 1171 354 1249 quod
377 1171 401 1231 si
424 1165 521 1230 statim
541 1163 742 1226 miserandae
767 1164 882 1225 nutrice
903 1164 1083 1243 appellatur,
1106 1170 1139 1250 in
1162 1188 1197 1230 eo

145 1258 209 1317 celle
227 1254 322 1316 inesse
345 1255 489 1316 sentimus
511 1249 572 1310 veri
594 1247 760 1326 vestigium.
798 1248 910 1310 accedit
931 1260 965 1310 ut
986 1269 1011 1311 v.
1029 1254 1091 1314 442
1111 1271 1197 1333 poree

141 1330 173 1390 td
190 1353 211 1398 r.
231 1342 291 1402 444
315 1359 393 1402 mses
414 1339 444 1400 in
461 1336 587 1396 Etrusco
611 1333 770 1405 omittatur,
794 1334 873 1412 quali
897 1332 1006 1396 iudicio
1028 1335 1107 1397 haud
1129 1356 1196 1400 raro

138 1424 436 1494 cognominationes
459 1420 529 1484 olim
552 1419 609 1479 loci
633 1435 693 1478 uon
717 1427 814 1478 certos
829 1419 928 1481 luisse.
960 1421 1095 1483 ordinem
1109 1423 1196 1484 resti·

134 1499 291 1571 larissenae
313 1511 426 1572 ratione
449 1505 519 1569 mihi
542 1505 658 1565 videor:

325 1594 359 1655 N.
382 1614 463 1676 quem
485 1610 534 1652 mo
556 1608 677 1652 nouerca
695 1592 791 1666 potuit
811 1586 894 1651 bunc.
906 1593 1029 1669 perimes
1053 1589 1174 1653 virum?

326 1679 360 1741 D.
383 1679 548 1756 contempsit
570 1693 666 1736 omues
688 1673 735 1735 ille
757 1677 808 1754 qui
827 1685 948 1735 mortem
966 1680 1067 1755 prius.-

325 1764 390 1827 lc'bot
412 1770 454 1825 ire
476 1768 507 1824 iu
530 1778 615 1822 enses.
660 1759 694 1818 N.
715 1776 802 1838 parce
830 1761 1046 1832 miserenda
1069 1770 1095 1821 ct
1117 1765 1195 1822 time.

326 1849 360 1910 D.
384 1849 507 1910 coelestis
529 1849 576 1906 iro
598 1863 666 1924 quos
684 1847 791 1924 premit
812 1848 971 1905 miseros
992 1846 1073 1925 fecit,

325 1933 452 1996 boconouo
473 1931 578 1995 coellec.
622 1929 656 1990 N.
680 1933 776 1990 maior
797 1929 921 1990 admisso
944 1941 1020 2005 tuus,

324 2018 452 2094 alumno,
476 2018 558 2079 dolor
579 2027 636 2077 est:
661 2013 743 2093 culpa
761 2031 819 2091 par
841 2015 938 2098 odium
960 2019 1065 2094 culpat.

111 2183 129 2225 v
205 2101 315 2166 Nessus
329 2103 496 2166 Deianiram
520 2112 642 2182 portans
658 2099 778 2160 Herculi
795 2118 850 2178 per
863 2101 974 2160 flumen
990 2100 1195 2179 praegreditur

325 2285 355 2336 ot
378 2271 425 2334 ille
446 2286 479 2335 ut
501 2291 557 2334 esce
579 2273 651 2334 uidit
672 2268 786 2331 Alciden
804 2269 923 2348 procul:
1035 2316 1038 2320 .

321 2353 366 2420 ‘tu
385 2360 494 2436 praedo
515 2351 610 2419 uobr's’
634 2358 728 2437 iuquit
746 2349 785 2415 ‘et
807 2358 936 2415 contremo
958 2352 1040 2418 eris‘.

321 2442 490 2523 prohibetur
510 2443 596 2503 undis
616 2460 713 2522 meque
735 2438 898 2518 complexus
919 2440 1016 2518 forem

323 2547 450 2607 pressum
472 2527 584 2590 citabat.
622 2546 681 2588 uon
696 2536 790 2587 teuent
804 2525 898 2585 uuum
913 2524 1063 2590 Herculem
1086 2548 1112 2590 e.
1128 2548 1156 2609 q.
1170 2550 1193 2592 s.

108 2604 188 2670 uuis
218 2611 306 2672 undis
334 2612 529 2692 prohibeatur
556 2611 671 2690 pridem
700 2608 754 2671 viri
783 2609 861 2669 docti
891 2609 1077 2674 dubitarunt:
1109 2624 1137 2676 at
1158 2615 1195 2677 de

140 2703 213 2756 esso
236 2695 293 2756 boc
316 2717 377 2759 non
400 2697 457 2758 dici
480 2697 634 2759 manifeste
658 2715 733 2776 quae
752 2702 895 2754 secuntur
911 2695 1035 2771 docent;
1059 2717 1119 2761 non
1137 2700 1194 2762 dici

107 2758 150 2828 ¹¹0
179 2779 305 2842 Hercule
335 2793 365 2844 et
393 2802 468 2863 quae
497 2791 655 2855 secuntur,
683 2781 715 2843 in
745 2778 853 2857 quibus
882 2783 1062 2842 contrarium
1086 2785 1121 2846 de
1144 2784 1194 2846 illo

106 2859 315 2944 quaerimur,
339 2876 368 2929 et
391 2886 500 2929 nomen
524 2885 582 2946 quo
606 2866 704 2928 addito
728 2882 804 2942 opus
827 2864 892 2925 snio.
928 2865 1028 2947 itaque
1050 2868 1085 2929 N.
1103 2869 1194 2931 Hein-

106 2945 182 3010 s¹11s
203 2950 323 3030 scripsit
334 2952 505 3033 provehitur
519 2954 612 3023 undis,
637 2970 697 3031 quo
713 2949 786 3012 nibil
800 2949 967 3026 luoramur;
991 2971 1059 3014 nam
1074 2953 1117 3014 sic
1132 2973 1194 3015 non

106 3031 162 3090 eSt
185 3035 234 3097 oui
257 3045 425 3116 opponatur
445 3058 472 3098 v.
498 3040 558 3101 513
582 3055 640 3098 nou
661 3048 756 3099 tmeut
777 3036 870 3097 undae
891 3035 1056 3110 Hermetem,
1083 3039 1195 3119 quippe

107 3116 194 3182 uuae
223 3139 262 3182 ne
283 3121 408 3184 Nessum
438 3122 558 3202 quidem
586 3122 745 3184 tenuerint.
790 3128 819 3181 at
845 3121 917 3181 baec
939 3121 1024 3182 debet
1046 3122 1103 3184 loci
1125 3142 1194 3184 sen·

109 3191 210 3266 leucia
238 3224 320 3280 esse,
349 3216 382 3269 ut
403 3208 514 3270 Nessus
537 3205 694 3269 Herculem
717 3206 805 3267 undis
829 3205 995 3283 prohiberi,
1026 3206 1082 3267 sibi
1104 3207 1195 3286 igitur

108 3283 252 3372 &pinam
274 3310 408 3354 securam
431 3292 560 3372 relinqui
583 3293 691 3364 credat,
714 3292 782 3352 dein
800 3289 909 3351 misere
924 3309 977 3369 spe
992 3308 1126 3370 ausuque
1144 3311 1194 3354 ex·

111 3368 205 3435 tudae.
242 3375 341 3455 ilaque
364 3377 451 3439 verba
473 3378 528 3440 ista
543 3378 668 3439 Nessum
691 3376 862 3456 loquentem
884 3373 974 3436 facias
995 3393 1204 3458 versuumque-

114 3441 181 3520 511
206 3468 234 3522 et
256 3463 317 3524 512
341 3461 405 3523 loca
429 3464 507 3524 inter
528 3483 560 3525 se
582 3472 679 3523 mutes
700 3462 758 3522 hoo
781 3461 885 3521 modo:

322 3558 354 3609 nt
374 3547 431 3622 ille,
454 3559 487 3609 ut
508 3567 564 3610 esse
585 3548 658 3609 otuu
680 3545 794 3607 Alciden
812 3544 929 3624 procul:

319 3626 499 3711 ‘prohibetur
518 3623 628 3705 undic’‚
651 3650 748 3713 meque
770 3628 933 3707 complemus
953 3631 1050 3709 sermo

320 3711 366 3778 ‘tu
383 3718 494 3797 proedo
516 3711 618 3801 uobo's'l
635 3720 728 3798 r‘nqm't
746 3710 786 3777 ‘ol
808 3717 936 3776 couiuuoo
957 3706 1040 3789 eris’3

323 3819 450 3880 pressum
472 3802 591 3875 ciendum
614 3821 674 3864 nou
696 3812 790 3864 tmmt
811 3800 905 3862 uudoc
925 3799 1087 3864 Herculem.

129 3865 160 3934 N)
181 3879 304 3945 eiusdem
327 3885 407 3948 inter
428 3886 594 3949 Deianiram
624 3886 831 3965 nutricemque
857 3884 1009 3966 conloquii
1030 3888 1090 3951 line
1111 3899 1195 3967 post·

59 3986 62 3997 ·
132 3969 211 4032 (luem
230 3965 368 4032 Deianira
389 3971 434 4032 sio
455 3975 593 4033 Amorem
614 3971 707 4032 adlata
729 3978 774 4032 est
798 3989 824 4031 u.
848 3971 925 4033 562:
