2580 4366
420 221 460 263 66
480 221 607 264 66666666
628 223 816 268 6666666666.
1095 214 1154 276 119

61 388 63 397 ·
170 368 203 430 de
230 371 324 432 altero
356 371 471 432 cantico
498 373 573 447 (808
603 376 660 450 sq.)
690 392 751 434 666
780 373 870 436 multa
904 375 1027 438 dicenda
1057 388 1154 441 eruut.

106 450 210 526 lroades
231 455 370 535 ingentes
388 457 466 517 viros
481 457 656 533 Argivorum
672 458 745 519 urbe
760 459 896 538 prodisse
915 469 1053 539 expertae
1068 482 1155 542 prae·

103 535 182 598 idiunt
201 540 362 620 laudesque
385 540 494 619 prioris
513 541 619 602 Troiae
642 544 862 622 expugnatoris,
885 545 936 606 scd
958 547 1051 624 magis
1073 546 1155 610 illius

98 625 271 701 6666666616
288 624 381 686 616166
396 644 428 686 66
443 625 573 702 gerentis
586 627 637 702 (cl.
653 627 723 688 Tro.
740 630 801 693 718
817 632 886 707 66),
905 640 1016 693 canunt
1031 651 1056 693 v.
1074 633 1153 696 809:

284 728 395 790 semper
416 713 540 789 tapaaas
562 710 693 773 alumam

285 796 403 856 educas:
425 813 578 856 6666166666
599 797 717 858 dearum

286 885 428 959 imparem
449 885 576 960 aequasti
598 900 623 941 6.
640 900 668 960 q.
686 901 710 942 6.

115 961 168 1036 6661
190 961 277 1023 verbo
307 983 368 1024 non
397 973 549 1042 tangerem
578 966 635 1026 nisi
664 965 826 1044 aPeipero
856 964 957 1044 inepta
984 969 1154 1032 coniectura

115 1051 224 1108 16616166]
248 1059 327 1111 66661
348 1068 503 1131 numerant
525 1049 673 1123 laborum
696 1051 884 1111 manifestum
903 1058 949 1112 est
963 1051 1154 1116 Herculema

116 1127 178 1190 choro
197 1135 274 1194 iuter
296 1133 452 1194 duodecim
474 1133 546 1194 deos
568 1135 734 1210 recenseri,
765 1134 816 1213 661
839 1135 979 1197 nimirum
1002 1137 1053 1197 illo
1077 1158 1153 1200 non-

115 1210 161 1274 dun
177 1216 205 1276 16
227 1217 341 1279 caelum
362 1227 482 1298 recepto
506 1219 644 1281 undecim
664 1219 785 1281 luerint.
823 1219 1033 1285 describuntur
1047 1223 1154 1284 deinde

115 1299 194 1360 natales
214 1300 351 1364 Herculis
373 1311 402 1363 et
424 1303 565 1383 deinceps
588 1305 743 1365 duodecim
758 1304 874 1366 labores
889 1315 1097 1382 recensentur;
1121 1308 1152 1369 16

115 1381 192 1456 661166
211 1386 325 1450 minuta
346 1395 462 1449 tantum
484 1388 650 1450 adnotanda
673 1397 752 1451 sunt.
784 1390 841 1452 821
861 1400 1094 1453 consentaneum
1110 1401 1154 1453 est

114 1473 175 1530 aaut
193 1479 270 1532 recte
292 1472 361 1550 legi,
385 1490 446 1533 non
468 1485 561 1535 movet
581 1474 641 1551 (lt).
680 1476 742 1537 846
762 1477 904 1554 tinxitque
919 1478 1020 1537 aados
1034 1476 1153 1539 ultimas

77 1578 82 1589 ·
114 1554 174 1614 rictas
197 1561 312 1635 sonatis
340 1561 459 1636 auripae
481 1557 608 1632 (attalicas
630 1559 678 1636 ll).
724 1558 851 1637 denique
879 1559 910 1620 in
933 1561 992 1621 1166
1015 1562 1153 1623 carminis

114 1648 130 1690 l·
147 1638 209 1702 862:
555 1638 559 1644 ⁴

283 1737 309 1786 tc
333 1728 401 1787 duca
422 1728 539 1788 succidit
560 1728 686 1788 mandata

283 1809 451 1872 Dardaniae
473 1812 572 1873 damus
593 1823 619 1873 at
640 1815 726 1872 sensit
747 1830 832 1873 arcas

285 1899 390 1956 iterum
413 1897 566 1968 1166666166·
588 1906 614 1958 16
637 1898 704 1957 duce
726 1897 846 1957 concidit

61 2024 63 2035 .
282 1980 399 2041 totidem
421 1980 517 2041 diadas
545 1978 629 2042 Troia
651 1991 717 2059 6661
739 1984 826 2041 anais

61 2072 63 2101 ÷
113 2055 268 2123 scribendum
297 2063 413 2125 videtur
437 2063 621 2126 Dardanidae
650 2066 764 2137 danaus,
794 2074 822 2126 et
848 2071 971 2143 propter
1000 2064 1151 2143 epitheton

112 2144 206 2205 tetdo
226 2154 255 2206 et.
277 2148 347 2226 quia
369 2151 503 2228 sequitur
524 2149 630 2210 'l’roiae
653 2168 778 2224 nomen,
808 2149 938 2227 denique
961 2167 1029 2210 oum
1052 2151 1152 2212 doacus

61 2282 64 2291 .
112 2237 152 2284 ton
174 2229 206 2290 de
233 2230 308 2292 urbe
337 2233 388 2293 sed
418 2234 453 2294 de
482 2233 682 2295 Laomedonte
711 2234 822 2295 dictum
852 2233 994 2296 videatur.
1037 2253 1064 2294 v.
1089 2236 1151 2298 8114

111 2307 187 2374 latam
213 2334 275 2378 non
305 2317 340 2379 ad
369 2322 455 2380 caasa
481 2319 584 2380 attinet
605 2319 657 2379 sed
678 2320 714 2379 ad
737 2320 889 2389 timendos,
918 2318 949 2379 in
973 2337 1032 2397 quo
1055 2327 1150 2381 totum

110 2399 240 2460 ununuaa
270 2419 394 2463 acumen
422 2402 511 2463 situm
541 2411 600 2478 est;
631 2403 700 2465 item
723 2423 749 2465 v.
774 2405 835 2466 865
859 2402 895 2464 ad
916 2405 1032 2466 totidem
1055 2405 1152 2467 diadas

109 2476 271 2622 1616611666
289 2480 377 2548 ‘cum
400 2485 529 2566 primum
551 2505 637 2550 arcus
659 2481 807 2564 sentiret',
835 2488 871 2550 ad
889 2499 937 2550 tot
959 2493 1044 2550 oanis
1062 2484 1150 2551 ‘cum

109 2573 115 2614 ¹
148 2583 212 2629 um.

120 2726 125 2738 ἢ
166 2652 234 2714 haec
264 2666 336 2716 sunt
365 2673 439 2734 6666
462 2656 498 2716 (16
521 2648 684 2717 carminum
707 2655 831 2717 istorum
853 2655 981 2717 lectione
1004 2658 1151 2718 mouenda

107 2729 244 2812 adantum
269 2756 344 2817 6666
366 2759 422 2800 666
445 2740 545 2802 multis
566 2739 640 2801 locis
663 2759 719 2801 666
741 2739 857 2819 gravius
878 2758 965 2820 quam
986 2741 1062 2802 66161
1083 2756 1150 2802 666-

108 2826 262 2898 latitasse,
286 2831 420 2885 naturam
442 2825 627 2904 corruptelae
650 2834 679 2887 et
700 2825 843 2886 rationem
866 2844 923 2904 666
941 2827 1037 2888 sanari
1056 2827 1151 2906 possit

108 2895 191 2982 abique
210 2915 291 2968 certa
313 2908 357 2969 via
379 2908 574 2971 demonstrari
596 2929 685 2988 possc
707 2910 795 2971 vides
832 2909 864 2970 16
886 2910 1057 2973 universum
1080 2916 1149 2971 vero

108 2989 162 3075 1161
183 2994 282 3070 negari
305 3010 366 3054 non
389 3002 486 3074 potest
508 2994 645 3055 duritiem
667 2995 814 3072 quandam
834 2995 979 3056 sermonis
995 3006 1024 3058 et
1039 2996 1150 3057 scabri-

107 3071 225 3154 1116666
247 3077 345 3139 omnia
367 3077 415 3138 illa
437 3079 624 3158 persentisci‚
647 3079 676 3139 id
691 3088 854 3141 metrorum
869 3080 1057 3141 insolitorum
1073 3080 1149 3141 dilli-

108 3152 234 3222 cunutus
263 3169 293 3223 et
321 3163 464 3240 angustiis
487 3164 544 3243 ipsi
567 3174 671 3243 poetae
694 3183 755 3224 nou
778 3165 863 3225 166116
886 3164 1061 3244 superandis
1084 3163 1149 3223 iure

108 3235 268 3323 dunpsissa
296 3246 438 3308 videmur.
482 3248 582 3326 116666
611 3248 647 3309 ad
673 3249 806 3327 ipsorum
828 3256 991 3310 metrorum
1014 3257 1149 3309 naturam
1194 3292 1196 3296 »

109 3328 299 3400 annuendam
321 3332 503 3409 accedamus,
527 3352 583 3413 666
606 3332 637 3393 16
660 3351 692 3394 66
716 3353 751 3395 eo
768 3333 876 3394 certius
891 3332 971 3411 quod
987 3350 1089 3393 verum
1105 3340 1150 3394 est

110 3418 270 3490 1111666666
286 3433 346 3493 666
361 3418 453 3494 magis
469 3435 643 3497 persuasum
661 3418 843 3493 habebimus,
866 3434 1059 3478 numerorum
1074 3435 1149 3496 quo·

110 3493 217 3577 tmtlaaa
244 3501 516 3579 recuperandorum
546 3520 632 3565 causa
662 3503 735 3563 nihil
763 3503 866 3581 611666
894 3500 925 3561 16
956 3502 1051 3563 verbis
1074 3521 1149 3581 6666

111 3585 252 3664 11111666616
275 3603 340 3647 esse
361 3587 555 3665 cognovimus
577 3588 751 3648 mutandum
773 3605 848 3648 6666.

171 3667 300 3748 singulos
320 3669 410 3748 igitur
432 3690 534 3733 vorsus
556 3691 591 3733 eo
614 3672 738 3733 consilio
755 3669 1000 3750 perlustrabimus
1015 3678 1048 3732 ut
1062 3688 1149 3748 pares

112 3752 323 3832 116666166166
346 3754 388 3816 eis
411 3764 524 3818 tantum
546 3756 684 3835 repositis
706 3755 741 3817 ad
765 3775 839 3835 quos
869 3755 1068 3817 restituendos
1089 3761 1149 3814 tra·

113 3818 153 3886 ‘¹¹1³
175 3833 200 3896 in
221 3839 248 3899 Ε
272 3856 412 3902 versuum
442 3840 595 3921 dispositio
622 3841 761 3902 inmutari
790 3840 902 3903 debeat.
951 3846 1023 3900 sunt
1050 3845 1148 3900 autem

113 3918 199 3980 aneta
219 3924 360 4003 quosdam
384 3925 526 3988 trochaici
547 3933 577 3986 61
591 3925 724 4005 dactylici
739 3925 857 4003 generis
870 3922 1031 3986 versiculos
1045 3940 1148 3984 omnes
