2580 4366
461 206 499 249 DE
520 205 698 249 canntconvu
720 204 833 249 sonmo.

437 362 455 420 5
479 359 548 419 dim.
571 377 656 438 anap.

436 445 455 504 4
478 461 616 504 versuum
639 442 761 523 stropha
781 440 852 504 ascl.

435 529 453 588 7
478 527 547 587 dim.
569 546 655 606 anap.
679 536 708 588 et
729 544 860 588 monom.

436 616 455 675 4
478 630 616 672 versuum
639 613 760 691 stropha
782 618 816 671 ut
838 628 864 670 s.

435 698 453 756 7
478 696 547 756 dim.
570 715 657 776 anap.
680 707 710 758 et
730 713 861 757 monom.

435 784 454 843 5
478 781 580 859 sapph.

107 898 159 958 sed
182 915 242 958 non
266 896 294 956 id
317 897 431 976 agimus
454 908 486 960 ut
508 898 602 959 oculis
624 896 730 958 hellam
753 897 900 976 quandam
923 914 1109 960 numerorum
1124 898 1154 954 ta·

107 981 206 1042 bulam
229 981 418 1057 subiciamus,
441 983 492 1043 sed
511 991 544 1043 nt
562 982 756 1062 eurythmiam
771 982 797 1043 si
812 1000 869 1061 qua
885 990 931 1043 est
945 983 1153 1045 demonstremus
1190 1004 1193 1009 ·

107 1067 194 1128 talem
216 1066 308 1127 luisse
328 1066 422 1146 qualis
436 1077 567 1129 vetemm
583 1075 686 1146 poetae
702 1065 754 1127 ulli
769 1066 908 1146 imputari
924 1075 1022 1147 queat.
1052 1078 1154 1149 quamn

107 1153 200 1213 ullum
223 1170 349 1230 usquam
371 1152 410 1212 ita
432 1152 548 1230 lusisse,
571 1161 604 1212 nt
627 1152 759 1231 quinque
783 1151 914 1212 dimetris
937 1148 1154 1233 anapaesticisiu

106 1236 191 1297 initio
221 1235 325 1316 positis
355 1237 487 1317 quinque
515 1237 673 1316 sapphicus
703 1254 805 1297 versus
831 1237 861 1297 in
884 1238 944 1298 fine
967 1236 1155 1318 respondentes

107 1321 291 1401 opposuerit,
314 1322 415 1382 credat
437 1322 484 1382 cui
507 1322 618 1402 placet;
643 1339 698 1381 nec
720 1321 877 1400 quisquam
892 1322 1038 1384 rationem
1053 1317 1155 1383 inueniet
1199 1320 1201 1393 ἶ

107 1424 162 1467 cur
182 1406 227 1466 vel
250 1405 383 1485 quinque
404 1406 448 1467 vel
472 1414 584 1486 septem
615 1406 755 1467 dimetros
778 1406 981 1487 anapaesticus
1002 1406 1047 1468 vel
1068 1412 1156 1486 septem

106 1500 135 1552 et
158 1490 309 1551 dimidium
333 1500 414 1552 vetus
438 1501 524 1569 poeta
546 1492 697 1570 stropham
721 1509 784 1552 esse
806 1490 837 1551 in
863 1498 994 1553 mentem
1024 1487 1155 1553 induxerit

107 1592 198 1654 apage
226 1574 317 1653 igitur
346 1575 496 1654 stropham
526 1595 542 1636 e
571 1576 666 1636 trihus
695 1575 792 1637 verbis
814 1611 856 1622 -
879 1594 954 1656 quae
984 1569 1156 1656 equidenad

109 1662 200 1723 1136.
225 1661 265 1723 37
289 1660 517 1740 dittographiam
539 1679 603 1721 esse
629 1679 804 1740 persuasum
833 1660 928 1722 haheo
950 1694 994 1705 —
1016 1661 1155 1729 conflatam,

106 1762 198 1825 apage
226 1745 312 1806 etiam
341 1746 464 1806 inertem
494 1745 578 1807 istam
608 1745 749 1807 desidiam
778 1746 810 1807 in
839 1745 1019 1826 interpolato
1044 1764 1069 1807 r.
1093 1740 1155 1807 1144

107 1839 225 1909 patente
254 1849 331 1910 puro
364 1832 447 1892 lonte
479 1831 728 1910 adquiescentem.
780 1829 891 1910 placuit
920 1830 976 1892 sihi
1006 1831 1117 1893 Seneca·
1132 1824 1155 1884 iu

106 1916 302 1977 admiscendis
331 1917 410 1978 inter
438 1923 611 1995 anapaestos
638 1915 772 1977 versibus
800 1914 951 1995 sapphicis
981 1923 1011 1977 et
1038 1909 1156 2003 asclepia:

106 2000 169 2061 deis
198 2019 253 2061 nec
280 2003 336 2062 hac
365 2011 478 2062 tantum
508 2002 664 2062 occasione
693 2001 723 2060 in
753 2018 785 2061 re
815 2001 913 2079 inepta
936 2008 965 2062 et
986 2001 1098 2062 inducta
1113 1993 1157 2057 silu

107 2085 225 2165 placuit.

192 2187 254 2231 non
277 2169 524 2249 praetereundum
546 2169 690 2231 hocloco
713 2170 861 2231 canticum
883 2178 929 2232 est
945 2169 1025 2248 quod
1040 2170 1103 2231 item
1113 2160 1156 2225 tria
1199 2240 1201 2261 Ι

106 2263 269 2315 metrorum
292 2273 400 2332 genera
424 2255 573 2329 continet,
599 2253 708 2316 Phaed.
732 2256 910 2319 736-823.
955 2254 1004 2316 cui
1026 2254 1155 2335 priapeuffl
1198 2270 1201 2309 ι

108 2357 228 2416 quoque
251 2339 394 2399 insertum
412 2341 516 2416 ensal)
538 2339 583 2400 vel
602 2340 702 2419 potius
717 2338 878 2400 versiculos
893 2338 952 2400 duo
968 2340 1068 2418 quales
1083 2332 1153 2399 1130·

108 2424 146 2485 31
172 2422 361 2502 asclepiadeis
383 2424 477 2485 iuncti
499 2432 584 2499 sunt,
615 2425 790 2485 credebatur
814 2432 973 2502 antequam
995 2422 1153 2486 uenturo

107 2515 264 2569 constaret.
310 2509 352 2570 sic
375 2509 454 2569 enim
477 2511 539 2573 782
562 2528 607 2588 sq.
631 2510 661 2569 in
685 2508 707 2568 Α
731 2508 856 2588 legitur:

311 2639 337 2688 ct
358 2632 465 2688 samaia
486 2629 596 2706 facient
618 2629 738 2688 lusidius
758 2631 817 2688 tuis

310 2711 431 2773 lascivae
451 2730 602 2774 anitiorum
624 2714 691 2774 deoc
711 2716 924 2792 moata'oopipue
946 2711 1040 2775 Panes

311 2795 406 2857 Pauus
428 2816 499 2877 puae
520 2797 649 2876 Dryades
669 2800 847 2876 mouta'ooqos
864 2806 977 2876 petunt.

106 2913 175 2974 inde
196 2913 232 2974 ab
256 2915 377 2975 Avantio
400 2914 551 2993 legebatur

310 3032 401 3094 Panes
424 3053 493 3114 quos
514 3033 644 3112 Dryades
665 3037 826 3112 montioopi
842 3044 945 3112 petunt

105 3151 156 3230 qni
185 3169 287 3296 verpus
315 3151 346 3212 in
378 3151 553 3230 quibusdam
581 3151 750 3230 interpolati
778 3150 897 3229 generis
917 3149 1003 3213 libris
1025 3146 1160 3213 uniatur·

105 3246 207 3298 contra
261 3257 268 3297 ε

191 3454 211 3516 ⁸)
229 3454 255 3503 in
273 3454 377 3521 priapeo
395 3453 468 3503 latini
486 3457 576 3519 poetae
595 3453 695 3515 (Catull.
718 3457 760 3520 Ι7;
780 3453 827 3519 lrg.
839 3455 865 3512 2;
885 3453 966 3521 priap.
986 3456 1029 3520 86)
1046 3467 1095 3505 non
1107 3435 1182 3501 κί’

104 3519 177 3585 pinnt
200 3520 288 3585 quinto
311 3522 368 3572 loco
393 3520 532 3587 dactylum.
568 3521 633 3572 inter
656 3535 761 3586 graecos
783 3521 882 3588 priapei
903 3521 1007 3574 schema
1024 3521 1096 3589 plane
1109 3516 1186 3568 σοῦ’

104 3585 218 3638 sentiens
241 3593 280 3638 est
302 3589 330 3639 in
351 3589 467 3640 versibus
493 3603 506 3639 e
524 3587 716 3641 Metallensihus
733 3588 826 3642 adlatis
843 3589 876 3640 ah
893 3589 1025 3643 Athenaeo
1042 3606 1067 3658 p.
1084 3586 1125 3642 687
1138 3568 1190 3629 ἱ*

103 3656 168 3704 v.3:
186 3647 360 3721 κάνθρύσκου
377 3654 508 3724 μαλακῶν
524 3659 553 3706 τ’
573 3652 624 3707 ἴων
640 3652 754 3724 λείμακα
772 3655 817 3707 καὶ
834 3653 995 3725 τριφύλλου.
1022 3658 1098 3710 alien
1111 3638 1198 3747 pff}

104 3726 236 3787 comparet
255 3722 282 3771 in
303 3723 472 3776 choriambico
495 3729 575 3776 metro
599 3725 666 3791 qnod
690 3724 947 3792 polyschematistum
969 3726 1066 3778 metrici
1082 3730 1154 3775 norw

103 3788 178 3855 quale
204 3792 245 3840 est
270 3793 316 3840 cui
340 3798 460 3842 reserata
484 3796 611 3858 mugiunt
636 3808 721 3844 aurea
748 3793 846 3858 templa
872 3793 967 3844 mundi
992 3792 1104 3846 a'l'eren

107 3855 363 3976 1891627ex2geptimii
385 3859 495 3912 carmine
516 3861 542 3911 in
564 3861 652 3912 lanum
677 3863 776 3926 patrem
801 3860 922 3914 adlatum.
965 3861 997 3913 ci.
1021 3860 1083 3912 Μαι.
1103 3852 1188 3909 Μ’

103 3938 130 3990 P·
200 3962 208 3988 2
261 3962 267 3976 ·
