<?xml version="1.0" encoding="UTF-8"?>
<!DOCTYPE html PUBLIC "-//W3C//DTD XHTML 1.0 Transitional//EN"
    "http://www.w3.org/TR/xhtml1/DTD/xhtml1-transitional.dtd">
<html xmlns="http://www.w3.org/1999/xhtml" xml:lang="en" lang="en">
 <head>
  <title>
</title>
<meta http-equiv="Content-Type" content="text/html;charset=utf-8" />
  <meta name='ocr-system' content='tesseract 3.04.00' />
  <meta name='ocr-capabilities' content='ocr_page ocr_carea ocr_par ocr_line ocrx_word'/>
</head>
<body>
  <div class='ocr_page' id='page_1' title='image "./tragoediae00leogoog_0478.png"; bbox 0 0 2580 4366; ppageno 0'>
   <div class='ocr_carea' id='block_1_1' title="bbox 577 237 720 284">
    <p class='ocr_par' dir='ltr' id='par_1_1' title="bbox 577 237 720 284">
     <span class='ocr_line' id='line_1_1' title="bbox 577 237 720 284; baseline 0.014 -2"><span class='ocrx_word' id='word_1_1' title='bbox 577 237 698 284; x_wconf 70' lang='lat' dir='ltr'><strong>unumve</strong></span> <span class='ocrx_word' id='word_1_2' title='bbox 715 273 720 284; x_wconf 84' lang='lat'><em>.</em></span> 
     </span>
    </p>
   </div>
   <div class='ocr_carea' id='block_1_2' title="bbox 97 381 695 469">
    <p class='ocr_par' dir='ltr' id='par_1_2' title="bbox 97 381 695 469">
     <span class='ocr_line' id='line_1_2' title="bbox 97 381 695 469; baseline 0.017 -27"><span class='ocrx_word' id='word_1_3' title='bbox 97 381 133 443; x_wconf 88' lang='lat' dir='ltr'><strong>ab</strong></span> <span class='ocrx_word' id='word_1_4' title='bbox 156 381 289 462; x_wconf 91' lang='lat' dir='ltr'><strong>inquieto</strong></span> <span class='ocrx_word' id='word_1_5' title='bbox 312 402 400 464; x_wconf 80' lang='lat' dir='ltr'>saepe</span> <span class='ocrx_word' id='word_1_6' title='bbox 420 384 578 449; x_wconf 90' lang='lat' dir='ltr'><strong>simulatur</strong></span> <span class='ocrx_word' id='word_1_7' title='bbox 600 389 695 469; x_wconf 84' lang='lat' dir='ltr'><strong>quies.</strong></span> 
     </span>
    </p>
   </div>
   <div class='ocr_carea' id='block_1_3' title="bbox 97 468 1265 552">
    <p class='ocr_par' dir='ltr' id='par_1_3' title="bbox 97 468 1265 552">
     <span class='ocr_line' id='line_1_3' title="bbox 97 468 1265 552; baseline 0.016 -25"><span class='ocrx_word' id='word_1_8' title='bbox 97 486 143 528; x_wconf 85' lang='lat' dir='ltr'><strong>en.</strong></span> <span class='ocrx_word' id='word_1_9' title='bbox 208 468 357 531; x_wconf 81' lang='lat' dir='ltr'><strong>Parumne</strong></span> <span class='ocrx_word' id='word_1_10' title='bbox 379 487 427 532; x_wconf 91' lang='lat' dir='ltr'><strong>me</strong></span> <span class='ocrx_word' id='word_1_11' title='bbox 447 479 507 533; x_wconf 90' lang='lat' dir='ltr'><strong>tam</strong></span> <span class='ocrx_word' id='word_1_12' title='bbox 528 472 618 552; x_wconf 81' lang='lat' dir='ltr'><strong>longa</strong></span> <span class='ocrx_word' id='word_1_13' title='bbox 639 474 770 537; x_wconf 84' lang='lat' dir='ltr'><strong>defendit</strong></span> <span class='ocrx_word' id='word_1_14' title='bbox 789 474 886 539; x_wconf 77' lang='lat' dir='ltr'><strong>fides?</strong></span> <span class='ocrx_word' id='word_1_15' title='bbox 1125 492 1172 545; x_wconf 79' lang='grc'><strong>696</strong></span> <span class='ocrx_word' id='word_1_16' title='bbox 1264 520 1265 527; x_wconf 44' lang='lat'>1</span> 
     </span>
    </p>
   </div>
   <div class='ocr_carea' id='block_1_4' title="bbox 47 552 1169 1656">
    <p class='ocr_par' dir='ltr' id='par_1_4' title="bbox 97 552 869 639">
     <span class='ocr_line' id='line_1_4' title="bbox 97 552 869 639; baseline 0.016 -27"><span class='ocrx_word' id='word_1_17' title='bbox 97 571 163 613; x_wconf 82' lang='lat' dir='ltr'><strong>oren.</strong></span> <span class='ocrx_word' id='word_1_18' title='bbox 208 552 327 615; x_wconf 79' lang='lat' dir='ltr'>Aditum</span> <span class='ocrx_word' id='word_1_19' title='bbox 350 556 479 617; x_wconf 84' lang='lat' dir='ltr'><strong>nocendi</strong></span> <span class='ocrx_word' id='word_1_20' title='bbox 501 557 614 638; x_wconf 87' lang='lat' dir='ltr'><strong>perfido</strong></span> <span class='ocrx_word' id='word_1_21' title='bbox 635 567 766 639; x_wconf 73' lang='lat' dir='ltr'><strong>praestat</strong></span> <span class='ocrx_word' id='word_1_22' title='bbox 785 561 869 624; x_wconf 89' lang='lat' dir='ltr'><strong>tides.</strong></span> 
     </span>
    </p>

    <p class='ocr_par' dir='ltr' id='par_1_5' title="bbox 96 637 767 723">
     <span class='ocr_line' id='line_1_5' title="bbox 96 637 767 723; baseline 0.015 -26"><span class='ocrx_word' id='word_1_23' title='bbox 96 655 142 698; x_wconf 83' lang='lat' dir='ltr'><strong>cn.</strong></span> <span class='ocrx_word' id='word_1_24' title='bbox 207 637 330 700; x_wconf 86' lang='lat' dir='ltr'><strong>Solutus</strong></span> <span class='ocrx_word' id='word_1_25' title='bbox 351 657 444 702; x_wconf 87' lang='lat' dir='ltr'><strong>onere</strong></span> <span class='ocrx_word' id='word_1_26' title='bbox 466 641 550 720; x_wconf 78' lang='lat' dir='ltr'><strong>regio</strong></span> <span class='ocrx_word' id='word_1_27' title='bbox 571 644 658 723; x_wconf 80' lang='lat' dir='ltr'><strong>regni</strong></span> <span class='ocrx_word' id='word_1_28' title='bbox 678 644 767 708; x_wconf 90' lang='lat' dir='ltr'><strong>bonis</strong></span> 
     </span>
    </p>

    <p class='ocr_par' dir='ltr' id='par_1_6' title="bbox 95 723 719 808">
     <span class='ocr_line' id='line_1_6' title="bbox 95 723 719 808; baseline 0.018 -27"><span class='ocrx_word' id='word_1_29' title='bbox 95 723 182 783; x_wconf 85' lang='lat' dir='ltr'><strong>fruor</strong></span> <span class='ocrx_word' id='word_1_30' title='bbox 203 723 370 804; x_wconf 88' lang='lat' dir='ltr'><strong>domusque</strong></span> <span class='ocrx_word' id='word_1_31' title='bbox 391 725 500 788; x_wconf 87' lang='lat' dir='ltr'><strong>eivinrn</strong></span> <span class='ocrx_word' id='word_1_32' title='bbox 522 736 609 790; x_wconf 88' lang='lat' dir='ltr'><strong>eoetu</strong></span> <span class='ocrx_word' id='word_1_33' title='bbox 630 729 719 808; x_wconf 80' lang='lat' dir='ltr'><strong>riget,</strong></span> 
     </span>
    </p>

    <p class='ocr_par' dir='ltr' id='par_1_7' title="bbox 96 807 713 889">
     <span class='ocr_line' id='line_1_7' title="bbox 96 807 713 889; baseline 0.011 -21"><span class='ocrx_word' id='word_1_34' title='bbox 96 825 153 869; x_wconf 86' lang='lat' dir='ltr'><strong>neo</strong></span> <span class='ocrx_word' id='word_1_35' title='bbox 172 807 233 869; x_wconf 85' lang='lat' dir='ltr'><strong>ulla</strong></span> <span class='ocrx_word' id='word_1_36' title='bbox 254 809 368 870; x_wconf 81' lang='lat' dir='ltr'><strong>vicibus</strong></span> <span class='ocrx_word' id='word_1_37' title='bbox 390 810 485 889; x_wconf 76' lang='lat' dir='ltr'><strong>surgit</strong></span> <span class='ocrx_word' id='word_1_38' title='bbox 506 811 629 874; x_wconf 79' lang='lat' dir='ltr'><strong>alternis</strong></span> <span class='ocrx_word' id='word_1_39' title='bbox 649 812 713 875; x_wconf 90' lang='lat' dir='ltr'><strong>dies</strong></span> 
     </span>
    </p>

    <p class='ocr_par' dir='ltr' id='par_1_8' title="bbox 96 893 869 974">
     <span class='ocr_line' id='line_1_8' title="bbox 96 893 869 974; baseline 0.01 -21"><span class='ocrx_word' id='word_1_40' title='bbox 96 911 155 972; x_wconf 88' lang='lat' dir='ltr'><strong>que</strong></span> <span class='ocrx_word' id='word_1_41' title='bbox 177 911 239 954; x_wconf 90' lang='lat' dir='ltr'><strong>non</strong></span> <span class='ocrx_word' id='word_1_42' title='bbox 261 893 426 974; x_wconf 89' lang='lat' dir='ltr'><strong>propinqui</strong></span> <span class='ocrx_word' id='word_1_43' title='bbox 446 914 572 960; x_wconf 90' lang='lat' dir='ltr'><strong>munera</strong></span> <span class='ocrx_word' id='word_1_44' title='bbox 592 898 629 958; x_wconf 90' lang='lat' dir='ltr'><strong>ad</strong></span> <span class='ocrx_word' id='word_1_45' title='bbox 651 907 772 972; x_wconf 79' lang='lat' dir='ltr'><strong>nostros</strong></span> <span class='ocrx_word' id='word_1_46' title='bbox 792 897 869 962; x_wconf 88' lang='lat' dir='ltr'><strong>iares</strong></span> 
     </span>
    </p>

    <p class='ocr_par' dir='ltr' id='par_1_9' title="bbox 47 977 848 1063">
     <span class='ocr_line' id='line_1_9' title="bbox 47 977 848 1063; baseline 0.014 -28"><span class='ocrx_word' id='word_1_47' title='bbox 47 1028 49 1035; x_wconf 73' lang='grc'>,</span> <span class='ocrx_word' id='word_1_48' title='bbox 95 977 206 1057; x_wconf 76' lang='lat' dir='ltr'><strong>sceptri</strong></span> <span class='ocrx_word' id='word_1_49' title='bbox 227 978 412 1055; x_wconf 83' lang='lat' dir='ltr'><strong>redundent3</strong></span> <span class='ocrx_word' id='word_1_50' title='bbox 435 980 543 1058; x_wconf 82' lang='lat' dir='ltr'><strong>cultus,</strong></span> <span class='ocrx_word' id='word_1_51' title='bbox 565 982 724 1062; x_wconf 91' lang='lat' dir='ltr'><strong>opulentae</strong></span> <span class='ocrx_word' id='word_1_52' title='bbox 747 984 848 1063; x_wconf 85' lang='lat' dir='ltr'><strong>depes,</strong></span> 
     </span>
    </p>

    <p class='ocr_par' dir='ltr' id='par_1_10' title="bbox 95 1062 680 1142">
     <span class='ocr_line' id='line_1_10' title="bbox 95 1062 680 1142; baseline 0.009 -17"><span class='ocrx_word' id='word_1_53' title='bbox 95 1062 201 1125; x_wconf 89' lang='lat' dir='ltr'><strong>donata</strong></span> <span class='ocrx_word' id='word_1_54' title='bbox 222 1062 324 1125; x_wconf 91' lang='lat' dir='ltr'><strong>multis</strong></span> <span class='ocrx_word' id='word_1_55' title='bbox 346 1065 440 1142; x_wconf 79' lang='lat' dir='ltr'><strong>qratia</strong></span> <span class='ocrx_word' id='word_1_56' title='bbox 461 1074 563 1128; x_wconf 88' lang='lat' dir='ltr'><strong>nostra</strong></span> <span class='ocrx_word' id='word_1_57' title='bbox 584 1067 680 1130; x_wconf 89' lang='lat' dir='ltr'><strong>salus:</strong></span> 
     </span>
    </p>

    <p class='ocr_par' dir='ltr' id='par_1_11' title="bbox 95 1147 746 1226">
     <span class='ocr_line' id='line_1_11' title="bbox 95 1147 746 1226; baseline 0.009 -19"><span class='ocrx_word' id='word_1_58' title='bbox 95 1147 166 1226; x_wconf 92' lang='lat' dir='ltr'><strong>quid</strong></span> <span class='ocrx_word' id='word_1_59' title='bbox 187 1156 247 1209; x_wconf 87' lang='lat' dir='ltr'><strong>tam</strong></span> <span class='ocrx_word' id='word_1_60' title='bbox 268 1147 370 1210; x_wconf 86' lang='lat' dir='ltr'><strong>heatae</strong></span> <span class='ocrx_word' id='word_1_61' title='bbox 391 1150 477 1212; x_wconf 89' lang='lat' dir='ltr'><strong>desse</strong></span> <span class='ocrx_word' id='word_1_62' title='bbox 496 1151 637 1215; x_wconf 75' lang='lat' dir='ltr'><strong>fortunae</strong></span> <span class='ocrx_word' id='word_1_63' title='bbox 657 1149 746 1214; x_wconf 74' lang='lat' dir='ltr'><strong>rear?</strong></span> 
     </span>
    </p>

    <p class='ocr_par' dir='ltr' id='par_1_12' title="bbox 93 1230 1169 1470">
     <span class='ocr_line' id='line_1_12' title="bbox 95 1230 1077 1318; baseline 0.011 -26"><span class='ocrx_word' id='word_1_64' title='bbox 95 1249 161 1292; x_wconf 82' lang='lat' dir='ltr'><strong>orn.</strong></span> <span class='ocrx_word' id='word_1_65' title='bbox 206 1230 292 1303; x_wconf 90' lang='lat' dir='ltr'><strong>Quod</strong></span> <span class='ocrx_word' id='word_1_66' title='bbox 313 1234 395 1297; x_wconf 88' lang='lat' dir='ltr'><strong>dest:</strong></span> <span class='ocrx_word' id='word_1_67' title='bbox 418 1235 548 1298; x_wconf 89' lang='lat' dir='ltr'><strong>seeunda</strong></span> <span class='ocrx_word' id='word_1_68' title='bbox 569 1254 632 1298; x_wconf 91' lang='lat' dir='ltr'><strong>non</strong></span> <span class='ocrx_word' id='word_1_69' title='bbox 653 1236 765 1318; x_wconf 82' lang='lat' dir='ltr'><strong>hebent</strong></span> <span class='ocrx_word' id='word_1_70' title='bbox 785 1255 926 1318; x_wconf 82' lang='lat' dir='ltr'><strong>umquem</strong></span> <span class='ocrx_word' id='word_1_71' title='bbox 947 1239 1077 1303; x_wconf 87' lang='lat' dir='ltr'><strong>modum.</strong></span> 
     </span>
     <span class='ocr_line' id='line_1_13' title="bbox 94 1316 1169 1397; baseline 0.011 -20"><span class='ocrx_word' id='word_1_72' title='bbox 94 1334 140 1377; x_wconf 87' lang='lat' dir='ltr'><strong>cn.</strong></span> <span class='ocrx_word' id='word_1_73' title='bbox 204 1316 360 1397; x_wconf 80' lang='lat' dir='ltr'><strong>Incognita</strong></span> <span class='ocrx_word' id='word_1_74' title='bbox 381 1319 474 1397; x_wconf 79' lang='lat' dir='ltr'><strong>igitur</strong></span> <span class='ocrx_word' id='word_1_75' title='bbox 494 1328 529 1382; x_wconf 93' lang='lat' dir='ltr'><strong>ut</strong></span> <span class='ocrx_word' id='word_1_76' title='bbox 550 1339 664 1384; x_wconf 87' lang='lat' dir='ltr'><strong>noeens</strong></span> <span class='ocrx_word' id='word_1_77' title='bbox 685 1340 773 1384; x_wconf 87' lang='lat' dir='ltr'><strong>eausa</strong></span> <span class='ocrx_word' id='word_1_78' title='bbox 794 1320 919 1385; x_wconf 77' lang='lat' dir='ltr'><strong>eadam?</strong></span> <span class='ocrx_word' id='word_1_79' title='bbox 1122 1335 1169 1389; x_wconf 82' lang='grc'><strong>696</strong></span> 
     </span>
     <span class='ocr_line' id='line_1_14' title="bbox 93 1400 908 1470; baseline 0.01 -9"><span class='ocrx_word' id='word_1_80' title='bbox 93 1419 161 1462; x_wconf 88' lang='lat' dir='ltr'><strong>orn.</strong></span> <span class='ocrx_word' id='word_1_81' title='bbox 204 1400 282 1463; x_wconf 90' lang='lat' dir='ltr'><strong>Num</strong></span> <span class='ocrx_word' id='word_1_82' title='bbox 303 1403 377 1466; x_wconf 90' lang='lat' dir='ltr'><strong>ratio</strong></span> <span class='ocrx_word' id='word_1_83' title='bbox 399 1404 483 1467; x_wconf 88' lang='lat' dir='ltr'><strong>robis</strong></span> <span class='ocrx_word' id='word_1_84' title='bbox 504 1405 618 1469; x_wconf 81' lang='lat' dir='ltr'><strong>reddite</strong></span> <span class='ocrx_word' id='word_1_85' title='bbox 639 1415 685 1469; x_wconf 88' lang='lat' dir='ltr'><strong>est</strong></span> <span class='ocrx_word' id='word_1_86' title='bbox 705 1407 782 1468; x_wconf 88' lang='lat' dir='ltr'><strong>ritae</strong></span> <span class='ocrx_word' id='word_1_87' title='bbox 801 1405 908 1470; x_wconf 80' lang='lat' dir='ltr'><strong>mene?</strong></span> 
     </span>
    </p>

    <p class='ocr_par' dir='ltr' id='par_1_13' title="bbox 94 1487 880 1554">
     <span class='ocr_line' id='line_1_15' title="bbox 94 1487 880 1554; baseline 0.009 -7"><span class='ocrx_word' id='word_1_88' title='bbox 94 1504 167 1548; x_wconf 89' lang='lat' dir='ltr'><strong>num</strong></span> <span class='ocrx_word' id='word_1_89' title='bbox 188 1487 286 1549; x_wconf 87' lang='lat' dir='ltr'><strong>andita</strong></span> <span class='ocrx_word' id='word_1_90' title='bbox 308 1506 394 1550; x_wconf 88' lang='lat' dir='ltr'><strong>eausa</strong></span> <span class='ocrx_word' id='word_1_91' title='bbox 417 1499 462 1551; x_wconf 88' lang='lat' dir='ltr'><strong>est</strong></span> <span class='ocrx_word' id='word_1_92' title='bbox 483 1499 585 1552; x_wconf 89' lang='lat' dir='ltr'><strong>nostra</strong></span> <span class='ocrx_word' id='word_1_93' title='bbox 606 1488 760 1553; x_wconf 73' lang='lat' dir='ltr'><strong>Tiresiae?</strong></span> <span class='ocrx_word' id='word_1_94' title='bbox 781 1500 880 1554; x_wconf 71' lang='lat' dir='ltr'><strong>umen</strong></span> 
     </span>
    </p>

    <p class='ocr_par' dir='ltr' id='par_1_14' title="bbox 94 1571 848 1656">
     <span class='ocr_line' id='line_1_16' title="bbox 94 1571 848 1656; baseline 0.009 -25"><span class='ocrx_word' id='word_1_95' title='bbox 94 1580 195 1633; x_wconf 89' lang='lat' dir='ltr'><strong>sontes</strong></span> <span class='ocrx_word' id='word_1_96' title='bbox 216 1571 360 1634; x_wconf 84' lang='lat' dir='ltr'><strong>videmur.</strong></span> <span class='ocrx_word' id='word_1_97' title='bbox 404 1573 499 1636; x_wconf 86' lang='lat' dir='ltr'><strong>iaeitis</strong></span> <span class='ocrx_word' id='word_1_98' title='bbox 520 1576 707 1655; x_wconf 83' lang='lat' dir='ltr'><strong>exemplum:</strong></span> <span class='ocrx_word' id='word_1_99' title='bbox 728 1593 848 1656; x_wconf 83' lang='lat' dir='ltr'><strong>sequor.</strong></span> 
     </span>
    </p>
   </div>
   <div class='ocr_carea' id='block_1_5' title="bbox 94 1655 1280 1745">
    <p class='ocr_par' dir='ltr' id='par_1_15' title="bbox 94 1655 1280 1745">
     <span class='ocr_line' id='line_1_17' title="bbox 94 1655 1280 1745; baseline 0.004 -30"><span class='ocrx_word' id='word_1_100' title='bbox 94 1675 140 1718; x_wconf 86' lang='lat' dir='ltr'><strong>cn.</strong></span> <span class='ocrx_word' id='word_1_101' title='bbox 205 1655 281 1728; x_wconf 90' lang='lat' dir='ltr'><strong>Quid</strong></span> <span class='ocrx_word' id='word_1_102' title='bbox 304 1658 330 1718; x_wconf 88' lang='lat' dir='ltr'><strong>si</strong></span> <span class='ocrx_word' id='word_1_103' title='bbox 353 1658 500 1722; x_wconf 76' lang='lat' dir='ltr'><strong>innocens</strong></span> <span class='ocrx_word' id='word_1_104' title='bbox 519 1656 611 1722; x_wconf 78' lang='lat' dir='ltr'><strong>sumi</strong></span> <span class='ocrx_word' id='word_1_105' title='bbox 655 1678 723 1722; x_wconf 85' lang='lat' dir='ltr'><strong>orn.</strong></span> <span class='ocrx_word' id='word_1_106' title='bbox 743 1659 839 1723; x_wconf 82' lang='lat' dir='ltr'><strong>liubin</strong></span> <span class='ocrx_word' id='word_1_107' title='bbox 860 1678 915 1741; x_wconf 90' lang='lat' dir='ltr'><strong>pro</strong></span> <span class='ocrx_word' id='word_1_108' title='bbox 937 1661 1028 1745; x_wconf 80' lang='lat' dir='ltr'><strong>certis</strong></span> <span class='ocrx_word' id='word_1_109' title='bbox 1048 1661 1165 1737; x_wconf 49' lang='lat' dir='ltr'><strong>solent,</strong></span> <span class='ocrx_word' id='word_1_110' title='bbox 1278 1715 1280 1720; x_wconf 81' lang='grc'>,</span> 
     </span>
    </p>
   </div>
   <div class='ocr_carea' id='block_1_6' title="bbox 88 1740 1168 2503">
    <p class='ocr_par' dir='ltr' id='par_1_16' title="bbox 92 1740 1168 1910">
     <span class='ocr_line' id='line_1_18' title="bbox 93 1740 1168 1823; baseline 0.007 -22"><span class='ocrx_word' id='word_1_111' title='bbox 93 1740 197 1803; x_wconf 90' lang='lat' dir='ltr'><strong>timere</strong></span> <span class='ocrx_word' id='word_1_112' title='bbox 218 1760 314 1821; x_wconf 84' lang='lat' dir='ltr'><strong>reges.</strong></span> <span class='ocrx_word' id='word_1_113' title='bbox 358 1762 404 1804; x_wconf 86' lang='lat' dir='ltr'><strong>en.</strong></span> <span class='ocrx_word' id='word_1_114' title='bbox 449 1742 506 1815; x_wconf 90' lang='lat' dir='ltr'><strong>Qui</strong></span> <span class='ocrx_word' id='word_1_115' title='bbox 527 1753 615 1823; x_wconf 84' lang='lat' dir='ltr'><strong>pavet</strong></span> <span class='ocrx_word' id='word_1_116' title='bbox 635 1762 727 1806; x_wconf 83' lang='lat' dir='ltr'><strong>renos</strong></span> <span class='ocrx_word' id='word_1_117' title='bbox 747 1753 855 1822; x_wconf 84' lang='lat' dir='ltr'><strong>metus,</strong></span> <span class='ocrx_word' id='word_1_118' title='bbox 1120 1758 1168 1809; x_wconf 80' lang='lat' dir='ltr'><strong>tou</strong></span> 
     </span>
     <span class='ocr_line' id='line_1_19' title="bbox 92 1828 887 1910; baseline 0.011 -27"><span class='ocrx_word' id='word_1_119' title='bbox 92 1843 178 1888; x_wconf 87' lang='lat' dir='ltr'><strong>veros</strong></span> <span class='ocrx_word' id='word_1_120' title='bbox 198 1834 340 1888; x_wconf 87' lang='lat' dir='ltr'><strong>meretur.</strong></span> <span class='ocrx_word' id='word_1_121' title='bbox 384 1846 450 1889; x_wconf 82' lang='lat' dir='ltr'><strong>orn.</strong></span> <span class='ocrx_word' id='word_1_122' title='bbox 495 1828 637 1908; x_wconf 82' lang='lat' dir='ltr'><strong>Quisquis</strong></span> <span class='ocrx_word' id='word_1_123' title='bbox 658 1828 689 1890; x_wconf 97' lang='lat' dir='ltr'><strong>in</strong></span> <span class='ocrx_word' id='word_1_124' title='bbox 711 1830 799 1910; x_wconf 86' lang='lat' dir='ltr'><strong>eulpa</strong></span> <span class='ocrx_word' id='word_1_125' title='bbox 820 1829 887 1906; x_wconf 84' lang='lat' dir='ltr'><strong>init,</strong></span> 
     </span>
    </p>

    <p class='ocr_par' dir='ltr' id='par_1_17' title="bbox 89 1910 868 1992">
     <span class='ocr_line' id='line_1_20' title="bbox 89 1910 868 1992; baseline 0.008 -20"><span class='ocrx_word' id='word_1_126' title='bbox 89 1910 229 1973; x_wconf 88' lang='lat' dir='ltr'><strong>dimissus</strong></span> <span class='ocrx_word' id='word_1_127' title='bbox 251 1911 326 1973; x_wconf 88' lang='lat' dir='ltr'><strong>odit:</strong></span> <span class='ocrx_word' id='word_1_128' title='bbox 350 1930 439 1974; x_wconf 90' lang='lat' dir='ltr'><strong>omne</strong></span> <span class='ocrx_word' id='word_1_129' title='bbox 461 1914 542 1992; x_wconf 89' lang='lat' dir='ltr'><strong>quod</strong></span> <span class='ocrx_word' id='word_1_130' title='bbox 563 1913 686 1976; x_wconf 88' lang='lat' dir='ltr'><strong>dubium</strong></span> <span class='ocrx_word' id='word_1_131' title='bbox 708 1923 755 1978; x_wconf 83' lang='lat' dir='ltr'><strong>est</strong></span> <span class='ocrx_word' id='word_1_132' title='bbox 774 1914 868 1978; x_wconf 78' lang='lat' dir='ltr'><strong>eadat</strong></span> 
     </span>
    </p>

    <p class='ocr_par' dir='ltr' id='par_1_18' title="bbox 89 1996 1005 2162">
     <span class='ocr_line' id='line_1_21' title="bbox 90 1996 1005 2079; baseline 0.003 -22"><span class='ocrx_word' id='word_1_133' title='bbox 90 2016 136 2058; x_wconf 86' lang='lat' dir='ltr'><strong>cn.</strong></span> <span class='ocrx_word' id='word_1_134' title='bbox 200 1996 251 2058; x_wconf 82' lang='lat' dir='ltr'><strong>Sin</strong></span> <span class='ocrx_word' id='word_1_135' title='bbox 272 1997 337 2058; x_wconf 90' lang='lat' dir='ltr'><strong>odia</strong></span> <span class='ocrx_word' id='word_1_136' title='bbox 360 1998 445 2059; x_wconf 87' lang='lat' dir='ltr'><strong>fiunt.</strong></span> <span class='ocrx_word' id='word_1_137' title='bbox 490 2015 557 2058; x_wconf 81' lang='lat' dir='ltr'><strong>orn.</strong></span> <span class='ocrx_word' id='word_1_138' title='bbox 601 1998 676 2061; x_wconf 88' lang='lat' dir='ltr'><strong>Odia</strong></span> <span class='ocrx_word' id='word_1_139' title='bbox 698 1999 751 2079; x_wconf 92' lang='lat' dir='ltr'><strong>qui</strong></span> <span class='ocrx_word' id='word_1_140' title='bbox 773 1999 900 2062; x_wconf 78' lang='lat' dir='ltr'><strong>ninuum</strong></span> <span class='ocrx_word' id='word_1_141' title='bbox 920 1998 1005 2063; x_wconf 87' lang='lat' dir='ltr'><strong>timet</strong></span> 
     </span>
     <span class='ocr_line' id='line_1_22' title="bbox 89 2082 817 2162; baseline 0.008 -21"><span class='ocrx_word' id='word_1_142' title='bbox 89 2098 215 2159; x_wconf 79' lang='lat' dir='ltr'><strong>regnare</strong></span> <span class='ocrx_word' id='word_1_143' title='bbox 237 2082 346 2143; x_wconf 72' lang='lat' dir='ltr'><strong>nescite</strong></span> <span class='ocrx_word' id='word_1_144' title='bbox 369 2099 461 2162; x_wconf 79' lang='lat' dir='ltr'><strong>regna</strong></span> <span class='ocrx_word' id='word_1_145' title='bbox 484 2082 614 2145; x_wconf 76' lang='lat' dir='ltr'><strong>custodit</strong></span> <span class='ocrx_word' id='word_1_146' title='bbox 633 2092 742 2146; x_wconf 85' lang='lat' dir='ltr'><strong>metus.</strong></span> <span class='ocrx_word' id='word_1_147' title='bbox 814 2115 817 2120; x_wconf 94' lang='lat'>·</span> 
     </span>
    </p>

    <p class='ocr_par' dir='ltr' id='par_1_19' title="bbox 88 2164 875 2249">
     <span class='ocr_line' id='line_1_23' title="bbox 88 2164 875 2249; baseline 0.006 -23"><span class='ocrx_word' id='word_1_148' title='bbox 88 2185 134 2226; x_wconf 85' lang='lat' dir='ltr'><strong>on.</strong></span> <span class='ocrx_word' id='word_1_149' title='bbox 199 2164 257 2237; x_wconf 88' lang='lat' dir='ltr'><strong>Qui</strong></span> <span class='ocrx_word' id='word_1_150' title='bbox 278 2175 396 2246; x_wconf 78' lang='lat' dir='ltr'><strong>sceptra</strong></span> <span class='ocrx_word' id='word_1_151' title='bbox 418 2167 493 2229; x_wconf 91' lang='lat' dir='ltr'><strong>duro</strong></span> <span class='ocrx_word' id='word_1_152' title='bbox 516 2185 620 2230; x_wconf 85' lang='lat' dir='ltr'><strong>saevus</strong></span> <span class='ocrx_word' id='word_1_153' title='bbox 640 2168 767 2248; x_wconf 88' lang='lat' dir='ltr'><strong>imperio</strong></span> <span class='ocrx_word' id='word_1_154' title='bbox 789 2168 875 2249; x_wconf 70' lang='lat' dir='ltr'><strong>regit,</strong></span> 
     </span>
    </p>

    <p class='ocr_par' dir='ltr' id='par_1_20' title="bbox 89 2249 808 2317">
     <span class='ocr_line' id='line_1_24' title="bbox 89 2249 808 2317; baseline 0.006 -6"><span class='ocrx_word' id='word_1_155' title='bbox 89 2250 172 2312; x_wconf 91' lang='lat' dir='ltr'><strong>timet</strong></span> <span class='ocrx_word' id='word_1_156' title='bbox 194 2249 348 2313; x_wconf 87' lang='lat' dir='ltr'><strong>timentes:</strong></span> <span class='ocrx_word' id='word_1_157' title='bbox 374 2261 472 2314; x_wconf 88' lang='lat' dir='ltr'><strong>metus</strong></span> <span class='ocrx_word' id='word_1_158' title='bbox 493 2252 525 2314; x_wconf 96' lang='lat' dir='ltr'><strong>in</strong></span> <span class='ocrx_word' id='word_1_159' title='bbox 548 2261 700 2315; x_wconf 81' lang='lat' dir='ltr'><strong>auctorem</strong></span> <span class='ocrx_word' id='word_1_160' title='bbox 720 2252 808 2317; x_wconf 87' lang='lat' dir='ltr'><strong>redit.</strong></span> 
     </span>
    </p>

    <p class='ocr_par' dir='ltr' id='par_1_21' title="bbox 88 2335 863 2420">
     <span class='ocr_line' id='line_1_25' title="bbox 88 2335 863 2420; baseline 0.005 -24"><span class='ocrx_word' id='word_1_161' title='bbox 88 2354 156 2397; x_wconf 81' lang='lat' dir='ltr'><strong>nnn.</strong></span> <span class='ocrx_word' id='word_1_162' title='bbox 200 2335 319 2398; x_wconf 83' lang='lat' dir='ltr'><strong>Servate</strong></span> <span class='ocrx_word' id='word_1_163' title='bbox 341 2346 457 2399; x_wconf 87' lang='lat' dir='ltr'><strong>sontem</strong></span> <span class='ocrx_word' id='word_1_164' title='bbox 479 2355 566 2399; x_wconf 81' lang='lat' dir='ltr'><strong>saxeo</strong></span> <span class='ocrx_word' id='word_1_165' title='bbox 587 2338 739 2400; x_wconf 83' lang='lat' dir='ltr'><strong>inclusum</strong></span> <span class='ocrx_word' id='word_1_166' title='bbox 760 2355 863 2420; x_wconf 85' lang='lat' dir='ltr'><strong>speon.</strong></span> 
     </span>
    </p>

    <p class='ocr_par' dir='ltr' id='par_1_22' title="bbox 89 2420 782 2503">
     <span class='ocr_line' id='line_1_26' title="bbox 89 2420 782 2503; baseline 0.009 -23"><span class='ocrx_word' id='word_1_167' title='bbox 89 2420 155 2501; x_wconf 91' lang='lat' dir='ltr'><strong>ipse</strong></span> <span class='ocrx_word' id='word_1_168' title='bbox 176 2421 211 2481; x_wconf 90' lang='lat' dir='ltr'><strong>ad</strong></span> <span class='ocrx_word' id='word_1_169' title='bbox 234 2429 358 2501; x_wconf 88' lang='lat' dir='ltr'><strong>penates</strong></span> <span class='ocrx_word' id='word_1_170' title='bbox 379 2421 478 2501; x_wconf 79' lang='lat' dir='ltr'><strong>regios</strong></span> <span class='ocrx_word' id='word_1_171' title='bbox 499 2423 625 2485; x_wconf 83' lang='lat' dir='ltr'><strong>referam</strong></span> <span class='ocrx_word' id='word_1_172' title='bbox 648 2424 782 2503; x_wconf 66' lang='lat' dir='ltr'><strong>mulum.</strong></span> 
     </span>
    </p>
   </div>
   <div class='ocr_carea' id='block_1_7' title="bbox 400 2571 549 2643">
    <p class='ocr_par' dir='ltr' id='par_1_23' title="bbox 400 2571 549 2643">
     <span class='ocr_line' id='line_1_27' title="bbox 400 2571 549 2643; baseline 0.02 -10"><span class='ocrx_word' id='word_1_173' title='bbox 400 2571 549 2643; x_wconf 76' lang='lat' dir='ltr'><strong>cflouvs</strong></span> 
     </span>
    </p>
   </div>
   <div class='ocr_carea' id='block_1_8' title="bbox 169 2672 840 3517">
    <p class='ocr_par' dir='ltr' id='par_1_24' title="bbox 169 2672 840 3517">
     <span class='ocr_line' id='line_1_28' title="bbox 241 2672 737 2754; baseline 0.004 -20"><span class='ocrx_word' id='word_1_174' title='bbox 241 2672 307 2735; x_wconf 86' lang='lat' dir='ltr'><strong>Non</strong></span> <span class='ocrx_word' id='word_1_175' title='bbox 330 2682 363 2735; x_wconf 91' lang='lat' dir='ltr'><strong>tu</strong></span> <span class='ocrx_word' id='word_1_176' title='bbox 385 2676 475 2736; x_wconf 87' lang='lat' dir='ltr'><strong>tantis</strong></span> <span class='ocrx_word' id='word_1_177' title='bbox 497 2693 585 2736; x_wconf 85' lang='lat' dir='ltr'><strong>eausa</strong></span> <span class='ocrx_word' id='word_1_178' title='bbox 606 2675 737 2754; x_wconf 78' lang='lat' dir='ltr'><strong>periclis,</strong></span> 
     </span>
     <span class='ocr_line' id='line_1_29' title="bbox 173 2758 660 2839; baseline 0.004 -21"><span class='ocrx_word' id='word_1_179' title='bbox 173 2776 235 2819; x_wconf 91' lang='lat' dir='ltr'><strong>non</strong></span> <span class='ocrx_word' id='word_1_180' title='bbox 258 2759 329 2821; x_wconf 86' lang='lat' dir='ltr'><strong>hine</strong></span> <span class='ocrx_word' id='word_1_181' title='bbox 350 2758 531 2821; x_wconf 76' lang='lat' dir='ltr'><strong>Labdacidas</strong></span> <span class='ocrx_word' id='word_1_182' title='bbox 552 2766 660 2839; x_wconf 90' lang='lat' dir='ltr'><strong>petunt</strong></span> 
     </span>
     <span class='ocr_line' id='line_1_30' title="bbox 173 2843 561 2920; baseline 0.005 -18"><span class='ocrx_word' id='word_1_183' title='bbox 173 2843 241 2920; x_wconf 83' lang='lat' dir='ltr'><strong>fata,</strong></span> <span class='ocrx_word' id='word_1_184' title='bbox 263 2843 315 2904; x_wconf 89' lang='lat' dir='ltr'><strong>sed</strong></span> <span class='ocrx_word' id='word_1_185' title='bbox 338 2851 450 2906; x_wconf 85' lang='lat' dir='ltr'><strong>veteres</strong></span> <span class='ocrx_word' id='word_1_186' title='bbox 473 2844 561 2905; x_wconf 89' lang='lat' dir='ltr'><strong>deum</strong></span> 
     </span>
     <span class='ocr_line' id='line_1_31' title="bbox 172 2928 721 2991; baseline 0.002 -3"><span class='ocrx_word' id='word_1_187' title='bbox 172 2928 233 2989; x_wconf 90' lang='lat' dir='ltr'><strong>irae</strong></span> <span class='ocrx_word' id='word_1_188' title='bbox 254 2935 411 2990; x_wconf 75' lang='lat' dir='ltr'><strong>secuntur:</strong></span> <span class='ocrx_word' id='word_1_189' title='bbox 435 2928 593 2991; x_wconf 80' lang='lat' dir='ltr'><strong>Castalium</strong></span> <span class='ocrx_word' id='word_1_190' title='bbox 613 2945 721 2989; x_wconf 90' lang='lat' dir='ltr'><strong>nemus</strong></span> 
     </span>
     <span class='ocr_line' id='line_1_32' title="bbox 172 3011 744 3092; baseline 0.002 -19"><span class='ocrx_word' id='word_1_191' title='bbox 172 3013 307 3075; x_wconf 82' lang='lat' dir='ltr'><strong>umbram</strong></span> <span class='ocrx_word' id='word_1_192' title='bbox 329 3013 452 3074; x_wconf 90' lang='lat' dir='ltr'><strong>Sidonio</strong></span> <span class='ocrx_word' id='word_1_193' title='bbox 474 3013 613 3092; x_wconf 86' lang='lat' dir='ltr'><strong>praebuit</strong></span> <span class='ocrx_word' id='word_1_194' title='bbox 632 3011 744 3092; x_wconf 87' lang='lat' dir='ltr'><strong>hospiti</strong></span> 
     </span>
     <span class='ocr_line' id='line_1_33' title="bbox 171 3097 693 3178; baseline -0.002 -20"><span class='ocrx_word' id='word_1_195' title='bbox 171 3097 300 3178; x_wconf 76' lang='lat' dir='ltr'><strong>lavitque</strong></span> <span class='ocrx_word' id='word_1_196' title='bbox 321 3097 409 3159; x_wconf 82' lang='lat' dir='ltr'><strong>Dirce</strong></span> <span class='ocrx_word' id='word_1_197' title='bbox 430 3097 537 3178; x_wconf 79' lang='lat' dir='ltr'><strong>Tyrios</strong></span> <span class='ocrx_word' id='word_1_198' title='bbox 559 3097 693 3178; x_wconf 76' lang='lat' dir='ltr'><strong>colonos,</strong></span> 
     </span>
     <span class='ocr_line' id='line_1_34' title="bbox 172 3181 840 3263; baseline -0.003 -20"><span class='ocrx_word' id='word_1_199' title='bbox 172 3190 205 3243; x_wconf 91' lang='lat' dir='ltr'><strong>ut</strong></span> <span class='ocrx_word' id='word_1_200' title='bbox 225 3183 355 3263; x_wconf 89' lang='lat' dir='ltr'><strong>primum</strong></span> <span class='ocrx_word' id='word_1_201' title='bbox 376 3183 477 3261; x_wconf 78' lang='lat' dir='ltr'><strong>magni</strong></span> <span class='ocrx_word' id='word_1_202' title='bbox 499 3193 587 3245; x_wconf 88' lang='lat' dir='ltr'><strong>natus</strong></span> <span class='ocrx_word' id='word_1_203' title='bbox 609 3181 766 3261; x_wconf 78' lang='lat' dir='ltr'><strong>Agenoris,</strong></span> <span class='ocrx_word' id='word_1_204' title='bbox 836 3209 840 3217; x_wconf 92' lang='lat'><em>·</em></span> 
     </span>
     <span class='ocr_line' id='line_1_35' title="bbox 170 3265 782 3348; baseline -0.003 -20"><span class='ocrx_word' id='word_1_205' title='bbox 170 3268 268 3329; x_wconf 83' lang='lat' dir='ltr'><strong>fessus</strong></span> <span class='ocrx_word' id='word_1_206' title='bbox 288 3286 344 3348; x_wconf 89' lang='lat' dir='ltr'><strong>per</strong></span> <span class='ocrx_word' id='word_1_207' title='bbox 364 3268 467 3330; x_wconf 89' lang='lat' dir='ltr'><strong>orbem</strong></span> <span class='ocrx_word' id='word_1_208' title='bbox 488 3268 567 3331; x_wconf 80' lang='lat' dir='ltr'><strong>furta</strong></span> <span class='ocrx_word' id='word_1_209' title='bbox 588 3266 675 3346; x_wconf 88' lang='lat' dir='ltr'><strong>sequi</strong></span> <span class='ocrx_word' id='word_1_210' title='bbox 696 3265 782 3343; x_wconf 89' lang='lat' dir='ltr'><strong>loris,</strong></span> 
     </span>
     <span class='ocr_line' id='line_1_36' title="bbox 170 3351 778 3432; baseline -0.002 -19"><span class='ocrx_word' id='word_1_211' title='bbox 170 3352 226 3414; x_wconf 88' lang='lat' dir='ltr'><strong>suh</strong></span> <span class='ocrx_word' id='word_1_212' title='bbox 249 3362 351 3414; x_wconf 85' lang='lat' dir='ltr'><strong>nostra</strong></span> <span class='ocrx_word' id='word_1_213' title='bbox 372 3352 496 3432; x_wconf 78' lang='lat' dir='ltr'><strong>pauidus</strong></span> <span class='ocrx_word' id='word_1_214' title='bbox 518 3351 651 3414; x_wconf 79' lang='lat' dir='ltr'><strong>constitit</strong></span> <span class='ocrx_word' id='word_1_215' title='bbox 671 3351 778 3412; x_wconf 89' lang='lat' dir='ltr'><strong>arbore</strong></span> 
     </span>
     <span class='ocr_line' id='line_1_37' title="bbox 169 3437 637 3517; baseline -0.004 -18"><span class='ocrx_word' id='word_1_216' title='bbox 169 3437 350 3517; x_wconf 90' lang='lat' dir='ltr'><strong>praedonem</strong></span> <span class='ocrx_word' id='word_1_217' title='bbox 371 3455 516 3501; x_wconf 83' lang='lat' dir='ltr'><strong>venerans</strong></span> <span class='ocrx_word' id='word_1_218' title='bbox 538 3454 637 3511; x_wconf 88' lang='lat' dir='ltr'><strong>snum,</strong></span> 
     </span>
    </p>
   </div>
   <div class='ocr_carea' id='block_1_9' title="bbox 81 3615 1158 3960">
    <p class='ocr_par' dir='ltr' id='par_1_25' title="bbox 81 3615 1158 3960">
     <span class='ocr_line' id='line_1_38' title="bbox 170 3615 1158 3686; baseline -0.006 -11"><span class='ocrx_word' id='word_1_219' title='bbox 170 3624 220 3675; x_wconf 82' lang='grc'><strong>686</strong></span> <span class='ocrx_word' id='word_1_220' title='bbox 237 3621 289 3674; x_wconf 89' lang='lat' dir='ltr'><strong>dei.</strong></span> <span class='ocrx_word' id='word_1_221' title='bbox 307 3619 363 3672; x_wconf 89' lang='lat' dir='ltr'><strong>dies</strong></span> <span class='ocrx_word' id='word_1_222' title='bbox 379 3619 405 3670; x_wconf 99' lang='lat' dir='ltr'><em>A</em></span> <span class='ocrx_word' id='word_1_223' title='bbox 472 3622 524 3674; x_wconf 83' lang='grc'><strong>696</strong></span> <span class='ocrx_word' id='word_1_224' title='bbox 541 3623 637 3686; x_wconf 84' lang='lat' dir='ltr'><strong>praest.</strong></span> <span class='ocrx_word' id='word_1_225' title='bbox 655 3617 710 3670; x_wconf 84' lang='lat' dir='ltr'><strong>dies</strong></span> <span class='ocrx_word' id='word_1_226' title='bbox 726 3617 752 3668; x_wconf 99' lang='lat' dir='ltr'><em>A</em></span> <span class='ocrx_word' id='word_1_227' title='bbox 803 3617 853 3670; x_wconf 82' lang='grc'><strong>693</strong></span> <span class='ocrx_word' id='word_1_228' title='bbox 872 3630 929 3668; x_wconf 86' lang='lat' dir='ltr'><strong>reor</strong></span> <span class='ocrx_word' id='word_1_229' title='bbox 945 3615 970 3667; x_wconf 79' lang='grc' dir='ltr'><em>Ε</em></span> <span class='ocrx_word' id='word_1_230' title='bbox 1021 3616 1072 3669; x_wconf 82' lang='grc'><strong>694</strong></span> <span class='ocrx_word' id='word_1_231' title='bbox 1088 3616 1158 3682; x_wconf 91' lang='lat' dir='ltr'><strong>qnod</strong></span> 
     </span>
     <span class='ocr_line' id='line_1_39' title="bbox 83 3683 1157 3753; baseline -0.006 -11"><span class='ocrx_word' id='word_1_232' title='bbox 83 3705 126 3742; x_wconf 85' lang='lat' dir='ltr'><strong>res</strong></span> <span class='ocrx_word' id='word_1_233' title='bbox 141 3689 270 3742; x_wconf 81' lang='lat' dir='ltr'><strong>secundae</strong></span> <span class='ocrx_word' id='word_1_234' title='bbox 286 3689 311 3740; x_wconf 92' lang='lat' dir='ltr'><em>A</em></span> <span class='ocrx_word' id='word_1_235' title='bbox 380 3689 431 3741; x_wconf 84' lang='grc'><strong>699</strong></span> <span class='ocrx_word' id='word_1_236' title='bbox 448 3701 489 3740; x_wconf 85' lang='lat' dir='ltr'><strong>ex.</strong></span> <span class='ocrx_word' id='word_1_237' title='bbox 507 3696 537 3739; x_wconf 88' lang='lat' dir='ltr'><strong>nt</strong></span> <span class='ocrx_word' id='word_1_238' title='bbox 554 3701 654 3753; x_wconf 84' lang='lat' dir='ltr'><strong>sequar,</strong></span> <span class='ocrx_word' id='word_1_239' title='bbox 670 3685 719 3737; x_wconf 77' lang='lat' dir='ltr'><strong>aad</strong></span> <span class='ocrx_word' id='word_1_240' title='bbox 735 3699 751 3736; x_wconf 82' lang='lat' dir='ltr'><strong>a</strong></span> <span class='ocrx_word' id='word_1_241' title='bbox 767 3686 904 3742; x_wconf 68' lang='lat' dir='ltr'><strong>metm.</strong></span> <span class='ocrx_word' id='word_1_242' title='bbox 920 3683 946 3736; x_wconf 76' lang='grc' dir='ltr'><em>Ε</em></span> <span class='ocrx_word' id='word_1_243' title='bbox 1013 3684 1062 3737; x_wconf 84' lang='lat'><strong>¹101</strong></span> <span class='ocrx_word' id='word_1_244' title='bbox 1080 3699 1157 3747; x_wconf 82' lang='lat' dir='ltr'><strong>veros</strong></span> 
     </span>
     <span class='ocr_line' id='line_1_40' title="bbox 81 3750 1157 3827; baseline -0.003 -18"><span class='ocrx_word' id='word_1_245' title='bbox 81 3759 176 3809; x_wconf 72' lang='lat' dir='ltr'><strong>rotetur</strong></span> <span class='ocrx_word' id='word_1_246' title='bbox 193 3757 218 3808; x_wconf 91' lang='lat' dir='ltr'><em>A</em></span> <span class='ocrx_word' id='word_1_247' title='bbox 286 3758 337 3809; x_wconf 75' lang='lat' dir='ltr'><strong>tot</strong></span> <span class='ocrx_word' id='word_1_248' title='bbox 354 3771 430 3808; x_wconf 88' lang='lat' dir='ltr'><strong>omne</strong></span> <span class='ocrx_word' id='word_1_249' title='bbox 452 3754 507 3807; x_wconf 86' lang='lat' dir='ltr'><strong>odit</strong></span> <span class='ocrx_word' id='word_1_250' title='bbox 518 3759 551 3827; x_wconf 74' lang='lat'><strong>5.</strong></span> <span class='ocrx_word' id='word_1_251' title='bbox 567 3782 603 3797; x_wconf 89' lang='lat'><em>-</em></span> <span class='ocrx_word' id='word_1_252' title='bbox 620 3752 690 3821; x_wconf 93' lang='lat' dir='ltr'><strong>qnod</strong></span> <span class='ocrx_word' id='word_1_253' title='bbox 706 3751 812 3805; x_wconf 85' lang='lat' dir='ltr'><strong>dubium</strong></span> <span class='ocrx_word' id='word_1_254' title='bbox 828 3756 905 3820; x_wconf 74' lang='lat' dir='ltr'><strong>putot</strong></span> <span class='ocrx_word' id='word_1_255' title='bbox 921 3751 947 3803; x_wconf 97' lang='lat' dir='ltr'><em>A</em></span> <span class='ocrx_word' id='word_1_256' title='bbox 965 3750 1035 3819; x_wconf 91' lang='lat' dir='ltr'><strong>qnod</strong></span> <span class='ocrx_word' id='word_1_257' title='bbox 1052 3751 1157 3806; x_wconf 81' lang='lat' dir='ltr'><strong>obvium</strong></span> 
     </span>
     <span class='ocr_line' id='line_1_41' title="bbox 82 3819 1157 3900; baseline -0.005 -23"><span class='ocrx_word' id='word_1_258' title='bbox 82 3831 124 3878; x_wconf 86' lang='lat' dir='ltr'><strong>est</strong></span> <span class='ocrx_word' id='word_1_259' title='bbox 140 3829 184 3878; x_wconf 81' lang='lat' dir='ltr'><strong>eet</strong></span> <span class='ocrx_word' id='word_1_260' title='bbox 199 3825 225 3876; x_wconf 76' lang='grc' dir='ltr'><em>Ε</em></span> <span class='ocrx_word' id='word_1_261' title='bbox 248 3828 358 3876; x_wconf 75' lang='lat' dir='ltr'><strong>ennaea·</strong></span> <span class='ocrx_word' id='word_1_262' title='bbox 426 3825 475 3876; x_wconf 73' lang='grc'>’999</span> <span class='ocrx_word' id='word_1_263' title='bbox 493 3840 549 3888; x_wconf 74' lang='lat' dir='ltr'><strong>sqq.</strong></span> <span class='ocrx_word' id='word_1_264' title='bbox 571 3820 608 3883; x_wconf 73' lang='lat' dir='ltr'><strong>ef.</strong></span> <span class='ocrx_word' id='word_1_265' title='bbox 626 3821 648 3887; x_wconf 90' lang='lat'><strong>1,</strong></span> <span class='ocrx_word' id='word_1_266' title='bbox 667 3822 725 3874; x_wconf 80' lang='lat'><strong><em>113.</em></strong></span> <span class='ocrx_word' id='word_1_267' title='bbox 744 3820 794 3875; x_wconf 81' lang='lat'><strong>125</strong></span> <span class='ocrx_word' id='word_1_268' title='bbox 862 3822 912 3875; x_wconf 76' lang='lat'><strong>710</strong></span> <span class='ocrx_word' id='word_1_269' title='bbox 930 3835 983 3876; x_wconf 90' lang='lat' dir='ltr'><strong>non</strong></span> <span class='ocrx_word' id='word_1_270' title='bbox 999 3819 1063 3872; x_wconf 82' lang='lat' dir='ltr'><strong>haee</strong></span> <span class='ocrx_word' id='word_1_271' title='bbox 1079 3820 1157 3900; x_wconf 71' lang='lat' dir='ltr'><strong>codd.</strong></span> 
     </span>
     <span class='ocr_line' id='line_1_42' title="bbox 82 3888 1158 3960; baseline -0.005 -13"><span class='ocrx_word' id='word_1_272' title='bbox 82 3896 194 3947; x_wconf 69' lang='lat' dir='ltr'><strong>corrone·</strong></span> <span class='ocrx_word' id='word_1_273' title='bbox 214 3921 249 3931; x_wconf 91' lang='lat'>-</span> <span class='ocrx_word' id='word_1_274' title='bbox 270 3892 299 3946; x_wconf 86' lang='lat' dir='ltr'><strong>L.</strong></span> <span class='ocrx_word' id='word_1_275' title='bbox 322 3896 440 3960; x_wconf 85' lang='lat' dir='ltr'><strong>premunt</strong></span> <span class='ocrx_word' id='word_1_276' title='bbox 456 3892 482 3944; x_wconf 91' lang='lat' dir='ltr'><em>A</em></span> <span class='ocrx_word' id='word_1_277' title='bbox 567 3892 617 3945; x_wconf 80' lang='lat' dir='ltr'><strong>tlt</strong></span> <span class='ocrx_word' id='word_1_278' title='bbox 635 3889 753 3943; x_wconf 76' lang='lat' dir='ltr'><strong>consistit</strong></span> <span class='ocrx_word' id='word_1_279' title='bbox 775 3888 808 3941; x_wconf 79' lang='grc' dir='ltr'><strong>Ε.</strong></span> <span class='ocrx_word' id='word_1_280' title='bbox 830 3917 865 3928; x_wconf 88' lang='grc'><strong>-</strong></span> <span class='ocrx_word' id='word_1_281' title='bbox 888 3888 1057 3944; x_wconf 78' lang='lat' dir='ltr'><strong>subpositae</strong></span> <span class='ocrx_word' id='word_1_282' title='bbox 1079 3902 1158 3942; x_wconf 81' lang='lat' dir='ltr'><strong>ramus</strong></span> 
     </span>
    </p>
   </div>
   <div class='ocr_carea' id='block_1_10' title="bbox 81 3960 473 4034">
    <p class='ocr_par' dir='ltr' id='par_1_26' title="bbox 81 3960 473 4034">
     <span class='ocr_line' id='line_1_43' title="bbox 81 3960 473 4034; baseline -0.01 -18"><span class='ocrx_word' id='word_1_283' title='bbox 81 3961 199 4016; x_wconf 83' lang='lat' dir='ltr'><strong>constitit</strong></span> <span class='ocrx_word' id='word_1_284' title='bbox 215 3960 312 4014; x_wconf 79' lang='lat' dir='ltr'><strong>arboris</strong></span> <span class='ocrx_word' id='word_1_285' title='bbox 329 3961 355 4013; x_wconf 92' lang='lat' dir='ltr'><em>A</em></span> <span class='ocrx_word' id='word_1_286' title='bbox 469 4026 473 4034; x_wconf 21' lang='grc' dir='ltr'>ι</span> 
     </span>
    </p>
   </div>
   <div class='ocr_carea' id='block_1_11' title="bbox 898 4041 952 4095">
    <p class='ocr_par' dir='ltr' id='par_1_27' title="bbox 898 4041 952 4095">
     <span class='ocr_line' id='line_1_44' title="bbox 898 4041 952 4095; baseline 0 0"><span class='ocrx_word' id='word_1_287' title='bbox 898 4041 952 4095; x_wconf 74' lang='lat' dir='ltr'><strong>te*</strong></span> 
     </span>
    </p>
   </div>
   <div class='ocr_carea' id='block_1_12' title="bbox 0 0 1294 4366">
    <p class='ocr_par' dir='ltr' id='par_1_28' title="bbox 0 0 1294 4366">
     <span class='ocr_line' id='line_1_45' title="bbox 0 0 1294 4366; baseline 0 4"><span class='ocrx_word' id='word_1_288' title='bbox 0 0 1294 4366; x_wconf 95' lang='lat' dir='ltr'><strong> </strong></span> 
     </span>
    </p>
   </div>
  </div>
 </body>
</html>
