2580 4366
131 219 191 279 104
513 235 541 276 n.
563 235 669 276 annam
690 234 817 278 senecae

127 386 173 459 da,
196 387 231 447 da
254 404 308 464 per
330 402 416 445 auras
439 384 576 446 curribus
598 385 702 465 patriis
726 387 803 458 uehi,

127 471 278 532 committe
299 469 438 543 habenas,
462 471 587 548 genitor,
611 481 641 532 et
661 471 854 550 flagrantibus

128 556 252 636 ignifera
275 554 347 615 loris
369 553 468 615 tribue
489 555 635 615 moderari
657 556 741 634 iuga:

127 640 245 720 gemino
269 637 427 699 Corinthos
449 637 536 700 litore
558 658 715 719 opponens
737 659 834 700 moras

50 770 68 779 --
129 722 255 787 cremata
276 724 402 785 flammis
423 723 514 784 maria
538 725 699 786 committat
726 726 794 786 duo.

126 812 184 871 hoc
208 816 297 870 restat
319 826 423 883 unum,
447 809 614 887 pronubam
637 810 764 871 thalamo
788 811 879 871 feram

127 905 161 957 ut
183 895 246 974 ipsa
268 894 373 974 pinum
396 903 523 973 postque
545 894 691 956 sacrificas
713 914 818 974 preces

128 980 245 1042 caedam
268 978 370 1040 dicatis
392 978 524 1039 victimas
546 979 695 1041 altaribus.

128 1065 315 1145 perviscera
338 1064 402 1143 ipsa
425 1081 534 1143 quaere
556 1064 706 1143 supplicio
728 1064 813 1139 viam,

128 1151 153 1212 si
175 1150 257 1225 rivis,
279 1148 388 1222 anime,
412 1148 435 1208 si
459 1148 529 1227 qnid
552 1148 668 1227 antiqui
692 1149 743 1210 tibi

128 1240 261 1298 remanet
282 1233 407 1312 vigoris3
431 1234 508 1312 pelle
530 1233 675 1294 femineos
697 1242 795 1294 metus

128 1328 158 1382 et
179 1317 388 1398 inhospitalem
411 1317 572 1379 Caucasum
594 1328 693 1379 mente
721 1319 820 1379 indue.

129 1406 339 1485 quodcumque
361 1402 431 1463 vidit
453 1403 567 1464 Pontus
591 1413 640 1464 aut
661 1404 765 1464 Phasis
791 1405 883 1476 nefas

127 1489 237 1552 videbit
258 1488 394 1550 isthmos.
442 1488 530 1569 ell'pra
553 1489 653 1566 ignota
674 1489 803 1562 horrida,

128 1575 280 1637 tremenda
304 1572 384 1634 caelo
407 1572 519 1651 pariter
540 1592 573 1634 ae
595 1573 684 1634 terris
706 1574 781 1634 mala

128 1679 213 1722 mens
235 1661 316 1720 intus
338 1657 443 1735 agitat:
466 1656 587 1718 vulnera
611 1664 640 1718 et
663 1657 780 1718 caedem
804 1666 833 1718 et
853 1674 958 1735 vagum

128 1746 221 1806 funus
243 1762 299 1824 per
320 1753 401 1804 artus
424 1777 466 1786 -
488 1742 559 1804 levia
582 1743 741 1804 memoravi
767 1741 870 1803 nimis:

127 1832 201 1891 haec
224 1831 305 1907 virgo
328 1827 400 1902 leci;
425 1827 541 1906 gravior
563 1835 685 1909 exurgat
707 1828 807 1888 dolor:

127 1915 238 1976 maiora
261 1914 318 1974 iarn
340 1931 387 1973 me
409 1913 520 1973 scelera
543 1920 611 1991 post
632 1920 735 1991 partus
759 1913 873 1972 decent.

128 2000 283 2078 accingere
306 1997 459 2075 irataque
482 1998 513 2057 in
536 1998 656 2058 exitium
683 2015 753 2076 para

129 2086 230 2146 furore
252 2090 324 2144 toto.
369 2082 450 2161 paria
472 2092 631 2144 narrentur
652 2089 702 2142 tua

129 2169 252 2250 repudia
273 2167 421 2229 thalamis:
446 2185 505 2245 quo
527 2167 622 2226 virum
645 2166 764 2245 linques
786 2161 897 2225 modo?

128 2255 186 2314 hoc
209 2272 268 2333 quo
292 2259 392 2313 secuta
415 2270 456 2311 es.
500 2270 606 2329 rumpe
629 2251 685 2312 iam
708 2269 814 2329 segnes
836 2268 949 2310 moras:

130 2356 205 2415 quae
227 2338 339 2399 scelere
361 2343 443 2414 parta
467 2344 520 2411 est,
544 2335 656 2396 scelere
678 2336 839 2415 linquenda
866 2344 910 2396 est
932 2334 1047 2395 domus.

444 2485 594 2549 CHORVS

279 2588 323 2650 Ad
345 2606 448 2666 regum
473 2590 616 2653 thalamos
639 2578 762 2651 numine
784 2606 929 2668 prospero

194 2673 246 2753 qui
269 2674 382 2734 caelum
404 2676 505 2752 superi
529 2676 641 2754 quique
663 2681 773 2753 regunt
793 2674 900 2735 fretum

194 2758 291 2820 adsint
314 2777 381 2819 curn
403 2760 523 2838 populis
547 2760 602 2820 rite
623 2759 799 2820 laventibus.

193 2843 322 2923 primum
345 2844 527 2923 sceptriferis
549 2845 623 2905 colla
645 2843 830 2905 Tonantibus

194 2937 297 2990 taurus
320 2929 396 2989 celsa
418 2930 492 2991 ferat
514 2937 632 3008 tergore
653 2929 796 3002 candido;

194 3014 337 3076 Lucinam
361 3014 438 3075 nivei
460 3014 568 3075 femina
592 3014 729 3095 corporis

193 3100 365 3178 intemptata
387 3099 457 3178 iugo
479 3099 586 3179 placet,
609 3109 638 3160 et
659 3099 756 3178 asperi

193 3184 295 3246 llartis
317 3185 495 3263 sanguineas
519 3203 593 3264 quae
616 3182 736 3245 cohibet
763 3201 878 3256 manus,
928 3256 930 3261 Ι

195 3288 270 3349 quae
292 3269 340 3330 dat
361 3267 511 3348 belligeris
533 3269 651 3330 foedera
674 3267 813 3348 gentibus

194 3362 224 3415 et
246 3372 340 3415 cornu
363 3354 471 3416 retinet
493 3353 581 3414 divite
603 3353 727 3432 copiam,

196 3439 324 3500 donetur
344 3446 447 3500 tenera
468 3439 569 3499 mitior
589 3438 695 3499 hostia.

195 3534 224 3585 et
246 3532 288 3598 tu,
311 3525 363 3603 qui
385 3524 499 3586 facibus
521 3523 659 3602 legitimis
685 3523 764 3593 ades,

195 3616 312 3670 noctem
335 3609 497 3671 discutiens
519 3609 640 3687 auspice
662 3609 779 3670 dextera
808 3654 811 3661 .

217 3761 249 3811 32
267 3759 383 3825 patrisA
452 3763 484 3813 33
503 3758 607 3810 comitle
624 3756 649 3808 Ε
718 3760 750 3810 35
776 3755 910 3808 Corinthus
929 3755 962 3807 A.
984 3781 1019 3791 -
1041 3752 1111 3804 litori
1128 3751 1207 3803 codd.

132 3830 253 3877 correrii
272 3826 422 3877 Gronovius
473 3830 506 3879 37
524 3824 663 3892 prenuham
681 3824 734 3890 Ες
790 3827 822 3877 43
842 3839 917 3876 eausa
936 3824 1079 3876 summonte
1096 3820 1122 3871 Ε
1172 3822 1207 3872 tt

130 3893 222 3946 Phasis
239 3900 283 3945 aut
294 3894 393 3946 Pontus
404 3896 430 3946 A
499 3897 531 3946 53
550 3890 644 3958 linquis
660 3893 711 3956 Ες
780 3895 812 3945 55
825 3896 899 3958 pacta
912 3893 945 3943 A.
963 3920 997 3929 -
1014 3889 1144 3956 linquetur
1162 3887 1207 3940 dc-

125 3963 231 4016 musA
282 3963 473 4030 59prirnusA
526 3964 556 4014 bt
577 3960 739 4011 seminamb’
