2580 4366
169 184 209 247 8'4
523 196 561 238 nn
582 195 770 239 enasonnnvu
785 184 882 238 ‘norm

169 351 245 413 cavit
266 360 295 411 et
317 347 526 426 Amphitruoni
549 347 637 408 dedit.
682 364 716 408 ac
743 347 873 426 priorem
899 346 1020 424 quidem
1042 346 1249 408 coniecturam

169 435 266 515 aliqua
289 453 325 495 ex
347 441 430 513 parte
452 433 595 493 Etruscus
618 432 733 511 probat,
756 432 807 511 qui
829 450 896 492 cum
912 431 1028 493 Theseo
1046 450 1155 493 versus
1177 433 1250 495 istos

170 520 328 599 relinquat,
351 536 460 578 nomen
483 519 546 578 eius
568 517 599 577 iu
622 535 746 579 scaenae
768 517 854 578 titulo
877 516 993 578 omittit.
1028 512 1250 597 'Amphitruoni

170 623 239 666 vero
263 604 349 665 modo
372 602 530 664 Herculem
553 601 596 662 sic
620 602 731 663 adlato:

578 686 687 766 selsam
710 706 744 748 ec
764 689 878 747 nomint
898 698 1082 767 corporatae

376 788 489 834 remove
506 784 657 852 parentem
679 791 715 832 rte
735 780 802 831 tuoe
824 770 905 832 leodi
924 771 1067 852 obstrepat

172 858 198 919 si
219 857 316 919 statim
339 859 411 918 haec
433 875 500 918 cum
524 856 628 917 Weilio
652 856 879 918 continuantur:
995 917 998 924 ,

376 962 430 1022 pue
453 952 479 1003 te
500 947 559 1022 ipse
581 946 676 1004 senior
698 941 812 1002 obvium
834 945 923 1002 morti
942 939 1075 1019 ingeris?

377 1046 430 1107 quo
450 1031 547 1106 pergis
568 1025 689 1088 emensi)
712 1046 737 1089 e.
754 1044 782 1104 q.
799 1046 823 1087 s.

173 1111 344 1173 duriuscule
373 1121 452 1172 certe
481 1113 660 1190 apostropha
691 1119 830 1171 mutatur.
882 1117 971 1189 atque
1004 1109 1083 1171 aliud
1107 1109 1247 1190 quiddam

173 1196 318 1258 Etruscus
341 1196 444 1257 suadet
467 1197 518 1276 qui
541 1214 665 1257 scaenae
686 1195 822 1256 inscribit
843 1195 926 1257 Here.
950 1194 1051 1275 Ampb.
1068 1193 1144 1275 Meg.
1162 1194 1245 1257 Cber.

174 1281 283 1342 omisso
299 1281 413 1342 Theseo
436 1283 534 1341 addito
558 1282 659 1341 choro.
694 1290 722 1341 et
744 1298 843 1341 rerum
861 1298 930 1341 casu
947 1287 1070 1360 apparet
1084 1280 1117 1340 in
1134 1279 1175 1351 M,
1197 1279 1247 1359 qui

173 1367 221 1426 bis
242 1366 377 1427 versibus
399 1367 482 1426 ebori
505 1372 604 1426 notam
628 1365 777 1444 praefigit,
807 1382 984 1444 quamquam
1007 1373 1037 1426 et
1059 1364 1094 1424 M
1114 1372 1145 1426 et
1166 1364 1198 1425 Ν
1216 1365 1245 1425 in

173 1451 363 1512 inscribenda
386 1469 491 1511 scaena
515 1468 581 1511 cum
605 1450 628 1510 A
651 1451 808 1512 consentit.

261 1536 386 1596 alterum
402 1536 568 1614 exemplum
585 1537 657 1596 haec
671 1536 736 1615 ipsa
750 1534 981 1596 Phoenissarum
996 1551 1102 1595 scaena
1118 1533 1244 1613 praebet,

176 1621 206 1681 in
229 1638 287 1698 qua
310 1623 346 1680 de
369 1620 514 1699 Antigona
538 1620 656 1697 quidem
679 1619 810 1682 indiculo
829 1620 946 1700 ipsique
961 1636 1085 1680 scaenae
1100 1618 1244 1693 convenit,

176 1706 212 1766 de
234 1706 353 1766 Eteocle
382 1724 442 1766 non
472 1705 617 1766 convenit.
662 1706 688 1765 is
718 1706 797 1766 enim
826 1705 856 1764 iu
886 1703 984 1765 indice
1006 1703 1126 1765 Etrusci
1152 1703 1244 1764 locum

175 1798 258 1851 tenet
286 1791 336 1851 sed
365 1791 485 1851 verbum
516 1808 575 1851 nou
607 1791 733 1870 profert:
771 1790 896 1869 proinde
924 1789 955 1850 iu
986 1788 1008 1848 Α
1039 1789 1168 1849 omissus
1195 1798 1242 1849 est

175 1885 272 1936 mutas
295 1884 391 1936 autem
414 1893 558 1954 personas
581 1893 647 1935 cum
667 1875 781 1935 omittat
795 1875 828 1946 Α,
850 1873 986 1934 inscribit
999 1874 1121 1952 quidem
1136 1871 1244 1957 scaenis

176 1960 216 2032 d,
245 1961 297 2020 sed
323 1961 393 2021 item
422 1961 573 2038 epitheton
602 1965 723 2022 tacitos:
757 1960 831 2039 Thy.
855 1961 917 2022 404
948 1958 1104 2021 Plr'stberees
1132 1962 1242 2031 recitem

177 2048 231 2122 Ag.
255 2045 317 2107 916
348 2046 459 2106 Orestes
488 2049 604 2118 recitem
641 2042 694 2105 tto
722 2046 783 2107 233
812 2042 926 2115 trdus,
965 2045 1046 2105 1419
1077 2042 1243 2113 Pbt'loetetot,

177 2129 285 2190 Phaed.
310 2130 371 2192 864
400 2134 522 2191 actric-
555 2131 697 2190 omissum
725 2129 876 2208 epitheton
887 2129 910 2203 6)
941 2128 989 2188 flt.
1012 2130 1075 2192 618
1108 2128 1162 2189 ubi
1188 2126 1243 2189 llo·

178 2232 263 2292 garae
295 2214 408 2273 nomini
432 2215 507 2275 adici
529 2213 644 2276 debuit:
675 2215 796 2274 omnino
819 2214 960 2275 omissum
982 2213 1088 2275 tacitae
1105 2230 1243 2293 personae

178 2316 288 2359 nornen
310 2307 424 2358 tantum
447 2299 516 2359 Tro.
540 2300 619 2372 861,
648 2299 698 2359 ubi
722 2299 898 2377 Polyxenam
926 2308 956 2360 et
977 2306 1164 2377 praesentem
1185 2314 1244 2359 esso

179 2391 209 2442 et
230 2383 303 2443 mira
326 2383 361 2442 de
384 2400 470 2443 causa
494 2394 591 2444 meere
615 2384 737 2445 Weilius
759 2385 777 2444 l.
803 2403 826 2444 s.
850 2403 880 2463 p.
904 2386 944 2447 23
967 2402 1011 2462 sq.
1039 2383 1192 2462 exposuit,
1218 2389 1244 2442 et

179 2472 232 2545 Ag.
251 2469 311 2530 782
336 2485 445 2528 nomen
468 2466 705 2547 Clytemnestrae.
738 2469 868 2529 Eteoclis
890 2477 988 2530 autem
1012 2486 1122 2529 nomen
1144 2486 1160 2529 a
1181 2482 1245 2547 par·

178 2552 259 2612 tibus
281 2553 345 2613 eius
368 2570 469 2613 errore
491 2562 637 2615 remotum
661 2572 726 2615 esse
749 2563 778 2614 et
800 2554 920 2614 Grotius
946 2554 980 2614 ad
1004 2572 1029 2612 v.
1052 2555 1115 2615 654
1139 2561 1169 2614 et
1188 2552 1241 2615 661

180 2637 281 2697 docuit
302 2645 331 2698 et
353 2637 534 2698 Schmidtius
556 2658 582 2698 v.
606 2641 667 2703 652
691 2647 795 2716 poetae
824 2640 921 2700 verbis
951 2639 1070 2717 egregie
1096 2636 1243 2699 restitutio

179 2740 206 2781 v.
230 2723 291 2784 653
315 2731 411 2784 autem
435 2734 515 2783 recte
537 2723 568 2783 in
591 2723 617 2783 ll
637 2724 766 2784 locastae
792 2724 893 2794 datur,
923 2726 985 2786 660
1015 2724 1140 2784 fortasse
1162 2730 1243 2793 recte,

180 2824 224 2866 vv.
247 2808 416 2870 oca-664
437 2808 551 2868 Eteocli
575 2809 769 2869 continuandi
791 2815 871 2868 sunt.

266 2890 398 2952 turbatae
420 2893 529 2953 totiens
551 2911 745 2972 personarum
762 2900 850 2954 notae
865 2891 1064 2972 suspicionem
1080 2900 1200 2954 movent
1211 2908 1245 2951 an

182 2974 250 3035 olim
273 2976 348 3036 alius
368 2995 434 3037 mos
457 2977 576 3038 nomina
598 2978 746 3039 indicandi
770 2977 801 3038 in
824 2979 870 3038 his
892 2976 1050 3055 tragoediis
1079 2975 1244 3037 obtinuerit.

181 3067 211 3120 et
232 3060 263 3120 in
279 3061 459 3122 Graecorum
482 3062 600 3140 quidem
623 3065 786 3125 dramatum
802 3070 831 3123 et
845 3063 1028 3141 dialogorum
1044 3061 1196 3122 codicibus
1213 3060 1244 3121 ad

180 3163 377 3226 personarum
403 3147 480 3207 vices
509 3149 652 3209 notandas
682 3148 862 3226 grammatici
891 3148 936 3209 vel
959 3141 1017 3208 δύο
1041 3144 1181 3227 στιγμάς
1200 3146 1245 3222 (cl.

182 3229 274 3291 Cobet
303 3230 338 3292 N.
361 3231 394 3292 L.
424 3251 453 3311 p.
483 3236 533 3308 17)
560 3233 605 3294 vel
634 3226 855 3315 παράγραφον
884 3240 1051 3312 posuerunt
1080 3231 1246 3311 (Hepbaost

182 3333 211 3394 p.
236 3319 293 3392 76,
323 3317 514 3396 7Westph.:
544 3318 583 3402 τῇ
607 3317 643 3379 δὲ
669 3313 879 3400 παραγράφῳ
902 3311 1086 3399 (χρώμεθα)
1108 3350 1152 3363 -
1171 3310 1248 3380 κατὰ

183 3396 353 3478 πρόσωπα
368 3397 531 3483 ἀμοιβαῖα
554 3423 579 3464 e.
594 3422 622 3482 q.
635 3408 681 3477 s).
706 3405 742 3465 cl.
758 3403 874 3465 Beldrer
888 3402 1038 3481 Aristopb.
1055 3404 1149 3481 prael.
1164 3418 1194 3482 p.
1205 3400 1248 3461 lll.

184 3481 221 3542 de
244 3482 443 3548 Wilamowitz.
467 3487 549 3549 Anal.
573 3489 677 3568 Eurip.
697 3508 726 3567 p.
744 3490 795 3553 38.
826 3489 989 3549 Tbiemanu
1013 3487 1119 3547 scholl.
1141 3486 1173 3548 in
1189 3484 1250 3547 bri-

184 3568 281 3646 stoph.
293 3579 377 3630 metr.
389 3591 419 3651 p.
436 3574 504 3636 128.
531 3572 574 3633 sic
586 3593 610 3634 e.
623 3592 650 3652 g.
663 3575 694 3635 in
705 3574 897 3635 Phaethontis
911 3574 1077 3651 fragmento
1088 3570 1251 3653 Euripidio.

269 3781 290 3847 θ)
307 3799 377 3835 more
400 3786 426 3836 iu
445 3786 556 3841 Terentii
579 3790 702 3842 Bembino
728 3790 878 3852 observato,
902 3790 926 3869 in
951 3804 1002 3855 quo
1044 3791 1129 3843 onitur
1153 3790 1256 3911 (Suadet

182 3852 268 3903 mutae
286 3866 410 3918 personae
428 3870 520 3906 nomen
537 3858 581 3909 sed
600 3865 696 3909 mutam
714 3873 837 3910 essenon
863 3858 963 3909 additur
980 3858 1011 3922 (Α
1032 3897 1038 3909 .
1056 3858 1093 3924 ll,
1114 3862 1137 3911 1.
1207 3900 1216 3927 ,
1235 3862 1256 3913 1.

182 3916 242 3970 blec.
262 3919 292 3984 V,
310 3921 334 3971 2.
360 3920 392 3975 cl.
411 3922 553 3989 Umpllenb.
571 3927 648 3992 prael.
667 3943 693 3993 p.
706 3926 758 3991 tx).
