2580 4366
145 209 185 272 82
527 228 555 269 n.
578 227 684 270 annum
705 227 832 270 sunncxn

144 386 189 440 est
211 377 285 438 alius
307 377 371 438 istis
393 384 497 438 noster
518 377 549 438 in
572 377 651 437 silvis
672 376 766 451 locus,

102 525 105 529 .
144 463 265 543 quine
288 461 426 542 reposcit,
449 461 531 523 hunc
553 471 650 542 petam
674 480 764 523 cursu
786 462 896 538 incito;

144 566 206 608 non
228 547 381 609 haesitabit
402 565 532 626 gressus,
555 546 615 608 huc
637 547 718 607 omni
743 547 818 609 duce

143 632 288 712 spoliatus
309 632 368 693 ibo.
413 630 484 710 quid
506 649 607 692 moror
631 631 715 693 sedes
736 629 839 693 meas?

143 726 279 791 mortem,
303 714 469 791 Cithaeron,
492 716 582 778 redde
605 724 634 777 et
654 717 817 797 hospitium
839 716 911 777 mihi

143 800 218 863 illud
240 820 338 863 meum
361 801 493 875 restitue,
520 810 554 862 ut
575 801 705 881 expirem
727 820 819 862 senex

144 886 196 947 ubi
219 886 307 948 debui
329 886 436 948 infans.
481 885 581 966 recipe
603 886 784 966 supplicium
806 893 899 947 vetus.

145 989 262 1051 semper
284 980 407 1033 cruente
429 989 512 1031 saeve
535 970 663 1032 crudelis
685 972 778 1046 ferox,

145 1074 212 1117 cum
236 1055 345 1117 occidis
368 1064 486 1117 etcum
509 1056 615 1135 parcis,
640 1055 711 1116 olim
733 1055 791 1117 iam
810 1063 897 1119 tuum

145 1151 189 1202 est
210 1142 267 1202 hoc
288 1141 425 1202 cadaver:
448 1158 557 1220 perage
579 1141 747 1202 mandatum
770 1141 872 1220 patris,

144 1227 201 1287 iam
225 1234 254 1287 et
275 1225 385 1286 matris.
430 1225 547 1286 animus
569 1226 656 1303 gestit
677 1225 798 1305 antiqua
821 1224 926 1304 exequi

145 1311 300 1391 supplicia.
346 1309 417 1390 quid
440 1328 497 1384 me,
520 1317 597 1385 nuta,
619 1311 761 1390 pestifero
783 1319 868 1371 tenes

145 1413 244 1457 amore
266 1393 419 1456 vinctum?
442 1395 513 1474 quid
535 1392 642 1456 tenes?
664 1395 782 1474 genitor
802 1403 895 1456 vocat.

144 1498 264 1559 sequor,
287 1498 406 1559 sequor,
429 1480 486 1540 iam
508 1498 660 1559 parce-
683 1480 880 1559 sanguineum
903 1497 1009 1560 gerens

32 1578 38 1590 ·
145 1565 262 1645 insigne
284 1564 368 1643 regni
390 1564 480 1625 Laius
501 1565 577 1645 rapti
600 1564 686 1639 furit3

146 1670 183 1711 en
207 1669 285 1725 ecce,
307 1649 412 1710 inanes
433 1649 571 1711 manibus
593 1650 708 1711 infestis
729 1649 804 1729 petit

145 1735 278 1814 foditque
299 1735 407 1795 vultus.
450 1742 527 1809 nata,
550 1735 713 1812 genitorem
736 1731 840 1796 vides?

146 1839 200 1899 ego
223 1819 317 1880 video.
361 1819 478 1880 tandem
501 1819 639 1898 spiritum
661 1819 814 1880 inimicum
837 1837 942 1898 expuo,

146 1905 280 1966 desertor
300 1903 407 1980 anime,
430 1904 515 1965 fortis
536 1904 568 1964 in
590 1912 704 1983 partem
726 1903 780 1964 tui.

146 1989 247 2050 omitte
269 2007 384 2067 poenae
405 1988 558 2068 languidas
581 1988 686 2068 longae
712 2007 810 2050 moras
856 2000 857 2003 ’

145 2081 331 2153 mortemque
353 2083 444 2134 totam
466 2074 602 2149 admitte;
626 2075 697 2153 quid
720 2073 821 2152 segnis
843 2073 926 2133 traho

147 2159 225 2240 quod
247 2155 335 2218 vivo?
357 2157 472 2219 nullum
495 2160 591 2220 facere
613 2159 670 2221 iam
693 2176 815 2238 possum
837 2157 944 2218 scelus.

146 2261 269 2325 possum
291 2242 391 2318 miser,
413 2243 551 2323 praedico
575 2279 614 2286 —
638 2243 754 2319 discede
776 2262 792 2304 a
814 2251 907 2322 patre,

147 2328 274 2403 discede,
296 2327 387 2407 virgo.
430 2328 520 2388 timeo
542 2336 611 2407 post
632 2336 755 2390 matrem
778 2327 886 2388 omnia.

456 2479 652 2541 annuunt

231 2580 281 2641 Vis
303 2580 396 2656 nulia,
417 2584 542 2660 genitor,
565 2601 581 2642 a
603 2589 655 2643 tuo
678 2589 810 2642 nostram
832 2598 952 2641 manum

146 2683 272 2746 corpore
295 2665 429 2739 resolvet,
454 2686 540 2727 nemo
563 2685 611 2728 me
633 2667 770 2728 comitem
793 2664 847 2726 tibi

146 2750 252 2831 eripiet
274 2769 422 2830 umquam.
468 2751 593 2813 Labdaci
616 2752 724 2812 claram
747 2751 877 2823 domum,

146 2837 288 2916 opulenta
308 2835 388 2896 ferro
410 2854 502 2914 regna
525 2835 656 2915 germani
678 2843 782 2916 petant
801 2868 843 2880 —

145 2940 215 3002 pars
237 2938 350 2982 summa
371 2939 479 2999 magno
502 2921 593 3001 patris
615 2940 631 2981 e
653 2940 747 3001 regno
770 2939 834 2981 mea
857 2928 911 2992 est,

145 3015 230 3087 pater
251 3005 323 3085 ipse.
368 3025 429 3066 non
453 3006 534 3067 hunc
554 3007 668 3067 auferet
689 3006 780 3067 trater
800 3004 873 3065 mihi

145 3089 286 3152 Thebana
308 3099 391 3169 rapto
415 3100 531 3171 sceptra
553 3091 604 3170 qui
627 3108 720 3168 regno
743 3097 835 3164 tenet,

146 3195 208 3238 nou
231 3175 313 3236 hunc
335 3185 463 3237 catervas
485 3176 559 3237 aiter
580 3174 731 3255 Argolicas
753 3191 859 3252 agens;

146 3280 208 3322 non
230 3259 256 3320 si
277 3259 394 3321 revulso
416 3260 550 3340 luppiter
572 3260 684 3321 mundo
706 3267 789 3321 tonet

145 3346 335 3423 mediumque
358 3352 476 3406 nostros
498 3345 610 3406 fulmen
633 3345 664 3406 in
687 3363 782 3406 nexus
804 3342 897 3418 cadat,

1190 3353 1220 3405 6⁰

231 3549 262 3597 31
284 3548 395 3596 montem
414 3544 440 3595 A
524 3546 558 3597 42
581 3547 607 3595 et
625 3557 684 3595 ecce
700 3544 726 3593 A
811 3546 845 3598 44
866 3543 1017 3609 Antigonae
1036 3543 1118 3594 datur
1134 3543 1168 3596 A.
1185 3573 1220 3582 —

145 3627 210 3665 exue
227 3614 253 3663 A
322 3616 354 3666 45
375 3611 400 3663 d.
418 3611 517 3663 animae
535 3611 553 3663 t.
571 3611 728 3678 inparentem
748 3610 786 3661 tui
804 3611 829 3662 n
897 3615 930 3665 46
948 3624 1046 3680 poenas
1063 3611 1081 3662 l.
1098 3611 1116 3664 l.
1134 3626 1219 3664 murae

146 3680 222 3730 codd.
241 3683 361 3730 eorrenit
380 3679 488 3730 Grotius
559 3683 591 3732 47
612 3695 646 3730 m.
664 3683 683 3730 t.
701 3679 794 3746 recipe.
830 3678 891 3746 qnid
909 3684 967 3732 st.
985 3680 1010 3729 A
1045 3694 1079 3730 ιιι.
1097 3683 1116 3730 t.
1134 3680 1219 3747 recipe

145 3746 259 3800 admitte.
285 3747 346 3814 quid
359 3748 443 3799 solt
494 3750 527 3800 48
546 3745 606 3814 quid
619 3747 695 3798 codd.
713 3751 832 3798 corrodit
846 3747 996 3799 Gronovius
1047 3749 1081 3801 52
1098 3748 1219 3800 comitem

145 3815 183 3866 tui
200 3817 225 3866 A
294 3820 326 3869 55
344 3816 430 3882 magni
446 3816 472 3866 ld
489 3818 610 3867 correxit
626 3815 781 3879 Madvigius
798 3816 857 3868 adn.
876 3816 911 3882 II,
929 3817 980 3868 115
1000 3816 1036 3882 (p.
1056 3829 1107 3867 una
1126 3830 1218 3884 magno

147 3882 307 3947 Gronovius)
341 3898 400 3949 pars
421 3898 514 3950 magna
533 3883 614 3950 patris
630 3883 729 3950 optimo
750 3897 829 3950 reguo
848 3888 911 3950 (opt.
929 3898 944 3936 e
961 3899 982 3936 r.
1001 3884 1144 3948 Aeantion)
1161 3899 1218 3936 mea

141 3955 184 4004 est
198 3952 226 4003 A
294 3954 326 4005 57
343 3958 431 4020 raptro
448 3952 473 4003 ld
541 3955 574 4005 58
592 3951 633 4003 hic
649 3951 676 4002 A
742 3952 776 4004 59
794 3952 907 4004 tenetls*
