2602 4380
111 193 154 256 38
483 209 520 256 as
543 206 646 253 aaaron
668 205 803 251 nrnvsco.

155 359 208 438 Ag.
229 361 288 422 130
306 361 396 438 pratu
418 358 554 438 quidquid
575 368 614 420 est
636 358 672 419 da
694 369 803 438 ternpus
824 377 857 419 aa
878 360 1003 437 matium
1025 357 1103 420 rios·
1166 409 1169 413 .

111 445 155 506 sic
171 451 238 523 past
260 443 393 523 Lipsium
415 443 524 520 legitur
546 444 597 521 qui
620 461 654 503 ex
669 441 805 505 Melissea
820 441 1113 520 sumpsisse-videtur
1128 460 1189 521 quo

112 528 272 607 expelleret
287 528 401 589 Avantii
416 527 577 588 remedium
593 528 698 589 morbo
714 527 830 606 gravius
841 533 930 607 proto
945 528 1014 607 qaid
1027 538 1084 600 est,·
1107 527 1186 589 eadi-

111 631 161 674 ces
174 614 253 674 enim
265 631 368 674 omnes
376 613 497 691 proinde
508 613 653 693 quidquid.
675 613 728 673 sed
742 612 894 674 emendate
902 629 1005 673 versus
1016 611 1048 672 in
1059 611 1187 673 Etrusco

111 698 230 775 legitur,
252 697 283 758 in
299 715 359 776 quo
375 715 466 776 super
483 697 615 758 ultimam
629 696 757 758 litteram
770 697 850 758 vocis
862 700 951 776 preire
965 696 1066 758 eadem
1079 714 1189 758 manus

110 800 199 861 quam
221 781 252 842 iu
268 781 400 843 Phaedra
415 793 443 845 et
457 798 525 842 rara
540 781 619 855 alias,
643 790 677 843 ut
691 781 828 867 sequenti
843 781 1073 860 Agamemnonis
1087 798 1186 858 versu,

111 867 221 928 scholia
243 866 322 927 inter
341 867 432 928 lineas
448 867 639 947 adscripsisse
654 885 744 945 supra
766 866 924 927 memoravi
946 869 987 946 (p.
1006 867 1069 940 10),
1091 865 1188 927 linea·

110 951 167 1011 lam
184 951 265 1012 duxit
280 952 434 1030 effecitque
450 959 483 1013 ut
497 951 602 1014 Petere
614 952 863 1032 pratude1prar'ie)
877 969 893 1012 a
909 951 1004 1029 prima
1018 969 1110 1012 mauu
1121 969 1188 1012 esse

111 1036 269 1100 videretur.
998 1048 1000 1053 '

195 1140 220 1181 v.
239 1123 299 1184 733
322 1125 442 1200 eprestis
457 1121 505 1182 ille
519 1121 655 1182 alumnas
669 1131 772 1183 evertet
793 1121 925 1182 damam:
947 1124 1066 1199 erratis
1083 1124 1137 1182 iste
1153 1120 1187 1182 B.

182 1205 255 1284 Thy.
279 1207 319 1269 48
545 1223 605 1266 aaa
625 1209 662 1266 sit
683 1224 702 1266 e
722 1209 824 1268 vestris
844 1205 929 1266 melis

275 1367 277 1371 ι
340 1295 469 1351 immane
489 1289 607 1351 eadem.
651 1309 715 1350 cem
735 1294 842 1351 micant
862 1289 959 1351 stellae
977 1289 1043 1368 pala

339 1374 529 1455 flammaeque
549 1385 666 1435 servem
687 1374 810 1437 deditum
832 1376 937 1437 maredo
961 1374 1051 1445 decus,

340 1476 403 1520 aar
424 1458 483 1521 alte
504 1459 565 1539 fiat,
587 1461 699 1521 ercidet
721 1459 794 1521 ecem
818 1461 886 1521 dies.

109 1544 200 1605 multa
223 1543 272 1604 hic
293 1543 347 1603 viri
370 1543 448 1604 docti
464 1543 557 1604 moditi
573 1551 659 1618 sunt;
681 1544 837 1605 temeraria
854 1542 994 1605 Gronovii
1017 1544 1189 1606 coniectura

109 1629 248 1690 Richtera
271 1628 390 1707 placuit.
434 1629 499 1706 ipse
522 1647 589 1688 cum
612 1646 713 1689 verum
736 1629 848 1689 dudum
870 1628 1048 1690 invenissem
1070 1627 1195 1707 gavisus

110 1732 177 1775 sum
198 1715 229 1774 in
245 1713 371 1775 Etrusco
393 1712 470 1773 idem
493 1713 735 1793 deprehendens;
758 1714 838 1792 quod
854 1732 936 1775 nunc
951 1713 1035 1774 video
1051 1732 1067 1774 a
1083 1713 1188 1775 Gratia

109 1799 224 1878 pridem
252 1808 426 1878 occupatum
458 1817 533 1859 esse.
577 1799 719 1860 nimirum
746 1817 802 1877 pra
829 1816 894 1860 cum
916 1799 1043 1861 Etrusco
1065 1805 1187 1861 auctare

45 1879 48 1884 ’
110 1884 299 1946 scribendum
321 1893 366 1944 est
387 1902 456 1945 cur.-

543 1986 602 2029 aou
623 1971 660 2030 sit
681 1986 700 2027 e
721 1971 822 2029 aestas
842 1967 928 2029 maiis

339 2056 467 2113 damase
488 2053 613 2127 caelum3
642 2071 693 2113 aar
713 2055 821 2114 micaret
843 2051 938 2114 stellae
956 2050 1024 2132 pala

338 2136 528 2216 flammaeque
548 2147 664 2198 amarat
685 2136 811 2198 debitum
832 2139 940 2199 munda
962 2133 1067 2199 aecer

338 2238 400 2296 aare
421 2221 563 2305 attestor,
584 2223 696 2283 eacaidut
717 2221 792 2282 coeio
814 2223 879 2283 dies.

108 2323 135 2364 v.
160 2308 196 2367 51
223 2305 281 2365 alia
304 2303 330 2364 11
350 2304 430 2384 quad
452 2306 498 2365 rix
520 2305 638 2366 defendi
659 2315 767 2385 potest.
809 2307 848 2367 ci.
875 2308 934 2368 120
957 2322 1002 2384 sq.

194 2408 220 2448 v.
238 2391 277 2452 53
302 2407 363 2449 nan
385 2408 492 2452 arcesse
515 2391 567 2452 sed
589 2408 697 2453 accerse
712 2391 745 2463 r,
768 2397 800 2452 ut
819 2389 970 2454 010844
991 2394 1109 2452 consite
1125 2392 1188 2468 (ac-

109 2478 206 2535 cersite
226 2474 264 2550 A>
286 2482 315 2535 et
337 2473 447 2553 ubique
470 2475 526 2536 nisi
549 2476 688 2537 sallario
712 2476 897 2555 pedestribus
920 2475 1045 2536 codices.

194 2579 220 2619 v.
246 2560 305 2621 155
328 2558 393 2620 ie'uc
413 2559 492 2621 illiue
513 2563 641 2639 providis
661 2561 815 2640 fraudidus
837 2560 952 2622 incubat

107 2644 244 2722 maridas
263 2644 417 2722 sraadr'irus
438 2645 472 2707 E.
517 2655 633 2724 poetam
656 2647 783 2707 correxit
804 2645 1008 2725 interpolator.

193 2747 220 2789 v.
244 2730 305 2791 219
328 2729 412 2805 cesar
434 2748 532 2792 uocem
553 2731 599 2792 aet
618 2730 695 2793 mela
716 2733 809 2810 fratri
826 2741 916 2811 pata:

104 2821 176 2892 pata
199 2812 239 2873 u.-
261 2813 339 2874 idem
362 2813 486 2875 dixerim
509 2816 545 2876 dc
566 2816 779 2895 interpolatore
802 2815 881 2894 quad
903 2815 938 2876 ad
964 2818 1034 2878 155.

108 3047 270 3100 654=Luc
288 3048 349 3110 vul,
369 3051 442 3112 8121;
461 3049 584 3101 Senecam
602 3053 672 3101 certa
690 3053 788 3103 tautum
806 3049 832 3100 in
850 3049 987 3100 inferarum
1005 3048 1187 3116 descriptione,

108 3115 173 3179 Xill,
191 3118 248 3178 595,
267 3117 310 3167 ubi
329 3123 426 3168 tasum
444 3117 475 3168 ab
493 3117 537 3168 illo
555 3116 650 3184 recepit
667 3118 716 3183 pro'
724 3116 829 3184 Vergilii
846 3117 917 3167 ulmo
936 3121 963 3167 et
979 3115 1039 3167 ibid.
1058 3119 1108 3168 603
1126 3116 1186 3169 loca

109 3182 141 3235 de
159 3188 324 3250 tyrannorum
342 3200 433 3251 paena.
460 3199 527 3251 quae
544 3189 674 3252 praeterea
693 3183 775 3236 afferri
795 3185 894 3252 possint
910 3184 1010 3236 fallacia
1025 3189 1099 3245 suut3
1117 3185 1186 3237 seria

107 3251 133 3300 io
156 3251 255 3304 duabus
279 3257 377 3304 tantum
400 3252 432 3304 de
455 3253 596 3305 imitatione
614 3253 724 3319 cogites:
746 3251 789 3304 110
810 3256 1044 3318 toauetmpem
1067 3253 1186 3304 latebras

108 3318 200 3382 fugit!
217 3325 281 3370 tunc
298 3322 383 3372 oblite
400 3321 586 3384 aeneni=iii‚
607 3323 654 3372 301
675 3321 713 3371 ed
730 3336 844 3385 querum
863 3326 958 3371 centus
974 3336 1084 3385 serpens
1101 3321 1186 3373 calita

108 3389 204 3436 aeneai
220 3389 299 3453 (quod
317 3404 391 3440 suum
409 3388 434 3439 io
452 3390 527 3440 usum
545 3389 621 3441 vertit
638 3388 770 3454 Peiperus)
789 3392 815 3439 et
832 3387 926 3439 Phaed.
936 3392 985 3441 551
1005 3387 1187 3449 telefeaiedat

109 3453 277 3516 dolar=VL
295 3459 328 3509 46
348 3463 435 3506 temen
454 3460 599 3507 certamine
616 3456 689 3506 nuda
707 3459 811 3506 invenit
827 3456 913 3506 Marti
931 3457 1011 3507 telem
1035 3456 1112 3506 dolor
1130 3456 1185 3520 (uhi

107 3521 239 3587 utriusque
257 3522 324 3575 idem
342 3529 431 3576 auctor
448 3524 591 3590 Vergilius,
608 3525 671 3576 Aen.
691 3523 748 3586 vll,
770 3527 818 3576 501
844 3524 1030 3589 quercusque
1047 3530 1185 3590 repertum

108 3591 235 3655 rimanti,
257 3592 399 3643 retemire
417 3591 501 3655 facin
523 3595 549 3643 et
566 3593 633 3644 idem
650 3593 752 3644 Lucano
770 3591 813 3653 111,
835 3594 885 3644 610
902 3591 1004 3642 nudata
1022 3592 1108 3642 milite
1124 3593 1185 3642 telis

107 3659 211 3707 inuenit
232 3674 309 3709 erma
331 3659 429 3723 furor).
464 3660 562 3727 reliqua
586 3660 649 3711 uuili
672 3661 816 3725 imponent,
840 3663 870 3709 ut
894 3657 957 3710 Oed.
977 3662 1024 3712 031
1051 3662 1185 3726 (aratque

107 3741 201 3775 saevus
219 3730 300 3778 etiam
318 3743 390 3777 nune
408 3731 505 3791 minae)
523 3732 550 3779 et
562 3727 591 3793 V,
610 3731 660 3782 613
678 3727 778 3791 (fronte
794 3729 884 3776 minae
902 3727 1003 3777 derant
1020 3733 1046 3777 et
1062 3732 1140 3778 etant
1153 3731 1185 3780 in

107 3793 224 3844 vultibus
241 3795 309 3856 irae)
332 3795 374 3845 vel
396 3795 461 3846 adeo
485 3795 527 3848 fla
551 3799 601 3848 514
624 3798 701 3860 (cepe
719 3795 898 3845 deramatam
914 3801 1009 3846 nostra
1027 3810 1093 3860 quos
1111 3799 1186 3847 nevit

106 3865 212 3925 manus)
230 3860 316 3925 etvrr,
335 3864 366 3914 81
386 3863 470 3928 (quod
485 3869 595 3914 normae
611 3878 706 3913 neam
723 3876 819 3911 manue
835 3863 987 3913 uenerabile
1001 3863 1119 3928 donum).
1145 3866 1185 3915 ai-

108 3943 158 3995 que
177 3929 203 3979 in
222 3943 309 3980 earum
327 3943 433 3981 numera
451 3930 519 3982 hunc
537 3945 668 3997 quaquea
684 3943 736 3997 qno
746 3928 848 3981 initium
862 3930 978 3998 cepimus
991 3929 1080 3983 locum
1091 3930 1184 3985 habea.
