2580 4366
148 223 210 288 382
618 239 759 283 vrnorcnu

149 392 310 453 minuimus
331 388 420 450 verbo
445 408 468 450 Ι.
492 391 550 454 173
572 379 717 452 restituto.
761 390 840 451 finiri
864 398 1012 479 terrorum
1035 392 1229 454 infernalium

150 476 313 555 catalogum
348 492 454 536 canum
484 475 692 538 Thebanorum
721 477 791 553 (hoc
820 493 913 538 uuum
947 494 1031 538 cuneo
1062 476 1230 558 Amphionio·

149 561 316 641 significare
330 561 468 639 possunt)
483 559 596 622 ululatu
613 560 786 622 incredibile
798 567 856 622 cst:
873 560 979 623 latrare
992 572 1229 624 cousentaneum

151 645 275 709 Hecatae
303 663 402 708 canes.
457 661 527 723 ergo
557 645 662 707 amissa
691 654 736 707 est
770 645 827 707 loci
856 645 995 707 indicatio
1030 665 1122 726 mam
1146 649 1228 709 aomo

151 749 298 810 nusquam
321 727 428 792 omisit.

227 849 300 914 ‚878
345 860 436 910 truces
451 849 507 911 iam
523 846 666 927 Peiperos
682 848 839 928 proposuit
853 848 884 911 iu
902 847 1001 928 suppl.
1017 849 1114 928 praef.
1130 869 1161 930 p.
1179 852 1228 914 33.

235 967 297 1031 956
340 966 372 1027 lto·
391 966 539 1029 mantulos
559 971 656 1028 statuo
675 963 680 1047 Ι
699 965 853 1045 fodiuntur
875 965 958 1030 oculi.
1002 1010 1004 1014 -

150 1051 348 1132 pulcherrima
379 1050 584 1115 emendatione
606 1050 768 1129 Madvigius
796 1051 978 1113 restituerat:
1011 1053 1043 1113 dt
1068 1052 1226 1114 maritales.

150 1135 291 1199 adiecisse
307 1136 378 1196 mihi
393 1137 493 1199 videor
515 1135 594 1217 quod
617 1135 753 1198 relictum
769 1143 832 1197 erat
846 1135 1003 1197 scribendo
1026 1137 1058 1198 dt
1071 1138 1227 1209 auritatae,

150 1219 248 1282 sotio?
281 1222 434 1299 fodientur
455 1221 539 1284 omli.
573 1221 610 1282 cl.
634 1222 696 1285 938
717 1221 769 1282 ΙΙΙ
787 1225 870 1301 putri
889 1231 934 1283 sot
955 1232 1011 1293 est3
1034 1223 1108 1301 quid
1129 1224 1226 1284 dende

150 1303 262 1367 matri?
296 1308 357 1368 954
372 1318 399 1368 et
413 1307 484 1385 flere
495 1309 565 1368 sctis
580 1303 644 1367 ost?
676 1305 737 1369 970
757 1306 876 1387 plusque
898 1325 982 1386 quo-m
997 1310 1069 1368 totis
1085 1318 1128 1370 cst
1141 1308 1226 1387 furit.

150 1389 274 1450 sormam
290 1394 365 1451 sotio
380 1399 482 1453 tuetur
496 1389 600 1451 similis
616 1389 705 1452 altera
728 1392 812 1452 video
834 1389 946 1452 Phoco.
963 1392 1025 1454 394
1049 1389 1115 1453 ΙΙΟ.
1137 1393 1226 1456 1207.

472 1556 479 1565 ⁵
567 1571 800 1642 adluuntur

239 1713 301 1775 240
346 1713 508 1790 referentur
528 1711 611 1785 illuc,
634 1711 710 1772 unde
730 1728 789 1771 oon
811 1711 903 1772 decuit
920 1714 1005 1790 prius

337 1797 430 1869 odim
453 1797 502 1858 sed
521 1815 598 1859 nunc
620 1806 696 1857 custo
718 1806 864 1875 repetatur
884 1795 962 1874 fidon.

149 1883 198 1943 sed
210 1899 300 1943 sensu
316 1881 353 1942 ad
367 1882 442 1944 unde
456 1899 515 1943 non
530 1882 620 1942 decuit
638 1880 717 1942 ultre
732 1879 871 1982 pertinet,
895 1881 1122 1944 constructione
1137 1882 1226 1944 Grae-

150 1965 259 2027 canica
289 1966 395 2028 video
411 1983 439 2044 g.
456 1965 529 2026 Xeu.
546 1964 630 2027 anab
647 1963 697 2039 ΙΙΙ,
717 1968 743 2039 l,
760 1951 841 2049 4ἧν
867 1961 902 2027 δέ
923 1987 976 2040 τις
998 1960 1035 2029 ἐν
1057 1988 1077 2028 τ
1127 1988 1211 2050 στρα

148 2055 206 2155 τιᾷ
220 2045 627 2154 ΞενοφώνἈθηναῖος,
614 2044 652 2124 ὂς
675 2044 752 2114 οὔτε
772 2047 1003 2154 στρατηῖὸς
981 2046 1058 2115 orire
1077 1971 1226 2158 Ιοχαγὸς

149 2131 226 2200 οὔτε
251 2132 458 2242 στρατιώτης
481 2157 527 2199 ων
551 2130 807 2240 συνηκολουθει,
831 2129 914 2197 ἄλλα
928 2131 1104 2218 Πρόξενος
1125 2133 1224 2200 αὐτὸν

147 2224 390 2304 μετεπέμψατο
420 2217 561 2285 οἴκοθεν
585 2212 728 2300 §cnoel
702 2242 749 2282 ων
771 2214 919 2300 ἀρχαῖος.
965 2220 995 2281 in
1018 2220 1148 2283 Etrusco
1169 2224 1224 2297 sed,

148 2323 208 2366 non
230 2306 276 2367 vel
297 2306 369 2367 illud
392 2306 532 2367 Gronovii
555 2315 652 2367 extare
673 2303 776 2365 monui
799 2305 811 2365 Ι
833 2323 863 2384 p.
887 2305 937 2368 32

232 2426 293 2487 476
338 2426 472 2492 odoerms
494 2424 572 2486 Euro
595 2423 738 2504 Zephyrus
760 2435 786 2486 et
808 2424 914 2485 Boreae
936 2422 1037 2485 Notus.

147 2526 208 2568 nou
223 2508 254 2568 in
270 2527 305 2569 eo
321 2509 498 2570 offendimus
514 2509 593 2588 quod
610 2509 640 2569 in
656 2508 793 2588 sequenti
817 2507 998 2588 tempestatis
1019 2507 1223 2590 descriptione

145 2591 240 2655 Notus
262 2600 292 2653 ct
313 2593 412 2655 Eurus
435 2594 557 2669 iterum,
587 2594 637 2654 sed
661 2594 740 2673 quod
763 2593 802 2655 ita
825 2592 1016 2654 nominantur
1039 2594 1128 2666 (481.
1151 2596 1223 2673 482)

146 2676 230 2757 quasi
253 2697 335 2739 nunc
356 2678 474 2743 demum
489 2679 584 2740 ventis
599 2678 721 2758 reliquis
738 2677 877 2740 accedant
900 2679 971 2748 (481
996 2695 1050 2738 aec
1071 2693 1172 2744 monet
1194 2685 1223 2743 in

146 2762 271 2838 Austro).

232 2884 293 2945 506
337 2883 386 2944 sad
405 2891 508 2943 trunco
530 2891 588 2943 toto
606 2884 714 2961 puppis
734 2879 817 2942 Ionio
839 2890 929 2942 notat

146 2967 277 3051 quamvis
300 2966 469 3028 incuriosus
485 2965 523 3028 sit
538 2964 650 3027 Seneca
673 2965 807 3026 locorum
827 2965 911 3038 situs,
935 2963 1015 3026 credi
1039 2983 1102 3026 nou
1126 2975 1222 3047 potest

145 3049 296 3133 hominem
319 3050 453 3112 ltalum
446 3069 599 3131 ignorasse
622 3068 731 3113 nomeu
753 3050 842 3111 maris
867 3048 953 3111 litora
976 3048 1076 3111 ltaliae
1090 3052 1222 3114 .-adluen

146 3135 198 3210 tis3
229 3124 401 3216 praesertim
431 3154 546 3199 cumr.
571 3138 632 3199 565
655 3135 736 3197 inter
757 3135 873 3196 lonium
905 3140 932 3194 et
954 3131 1117 3197 Phrixeum
1144 3155 1222 3198 mare

145 3220 263 3282 doctum
288 3221 447 3283 discrimen
469 3223 519 3283 liat
541 3229 570 3282 et
592 3220 704 3281 Phoen.
728 3222 790 3283 610
813 3219 888 3280 lonii
912 3217 1000 3279 maris
1024 3237 1136 3282 nomen
1160 3223 1222 3285 siue

146 3305 235 3367 dubio
260 3314 433 3386 corruptum
455 3306 503 3367 sit.

589 3470 778 3538 iniustus

231 3614 293 3675 300
492 3609 594 3672 liberos
616 3614 677 3672 cios
698 3610 782 3671 rudos

331 3713 412 3774 prece
434 3695 655 3757 commovebunt.

145 3797 246 3841 verum
269 3788 314 3841 est
336 3784 396 3840 etus
418 3779 475 3840 hoc
497 3797 557 3841 uno
581 3779 647 3841 loco
662 3779 692 3841 iu
708 3778 839 3840 Senecae
855 3776 1014 3856 tragoediis
1031 3786 1148 3853 extare;
1171 3778 1220 3840 sed

146 3883 181 3924 eo
205 3882 266 3924 nou
289 3864 382 3942 magis
404 3881 524 3925 moveor
545 3874 578 3926 ut
600 3863 735 3945 spurium
757 3859 896 3936 habeam,
920 3879 1007 3942 quam
1031 3881 1057 3923 Ι.
1085 3865 1167 3927 1052
1191 3872 1222 3924 ut

140 3948 442 4030 proceleusmaticum
456 3948 636 4030 improbem:
661 3948 759 4029 priore
775 3946 854 4009 enim
869 3946 935 4008 loco
952 3948 1155 4011 necessarium
1179 3959 1222 4010 est
