2580 4366
537 193 565 234 t.
588 193 693 236 nunant
714 193 843 236 SENECAE

368 396 373 407 .
448 341 617 404 'NVTlllll

237 427 325 489 Pavet
346 426 478 504 animus,
502 427 618 505 horret,
642 446 746 508 magna
770 431 917 511 pernicies
940 432 1032 495 adest.

88 516 98 545 ⁸
153 511 282 574 immane
303 520 447 592 quantum
470 513 601 591 augescit
623 522 653 574 et
674 523 768 576 semet
793 515 879 576 dolor

153 598 288 677 accendit
309 598 372 678 ipse
393 597 512 678 vimque
534 599 723 678 praeteritam
745 599 882 680 integrat.

152 682 211 744 vidi
232 683 380 744 furentem
403 701 492 763 saepe
515 692 544 744 et
565 702 734 764 aggressam
756 685 837 758 deos,

153 767 280 829 caelum*
288 769 469 830 trahentem:
492 768 592 831 maius
609 769 671 844 his,
694 769 790 832 maius
812 781 895 851 parat

152 852 254 915 Medea
275 862 452 915 monstrum.
497 872 625 934 namque
648 863 680 930 ut
701 854 826 916 attonito
849 857 942 936 gradu

154 939 243 1000 erasit
265 947 294 1000 et
316 938 467 1019 penetrale
488 938 641 1001 funestum
663 939 768 1024 attigit,

154 1031 230 1086 totas
252 1041 325 1103 opes
348 1024 473 1086 effundit
495 1033 524 1085 et
547 1023 691 1104 quidquid
713 1023 765 1086 diu
819 1068 824 1077 -

154 1108 241 1171 etiam
263 1109 326 1188 ipsa
349 1108 447 1170 timuit
468 1108 578 1189 promit
599 1121 688 1190 atque
710 1128 829 1172 omnam
852 1111 977 1192 explicat

102 1215 105 1219 ·
152 1195 270 1257 turham
292 1193 446 1270 malorum,
469 1212 575 1257 arcana
597 1202 710 1256 secreta
732 1194 839 1272 abdira,

153 1288 182 1342 et
202 1279 285 1341 triste
307 1277 387 1340 laeva
408 1280 424 1342 't
443 1297 637 1359 comprecaris
658 1298 776 1341 sacrum
798 1298 889 1343 manu

153 1372 253 1444 pestes
274 1373 358 1426 vocat
380 1381 582 1444 quascumque
604 1364 744 1427 ferventis
767 1374 847 1426 creat

153 1450 263 1510 harena
284 1449 393 1530 Libyae
415 1467 549 1529 quasque
570 1458 716 1530 perpetua
737 1450 803 1511 nive

77 1570 87 1591 a
153 1533 269 1596 Taurus
292 1534 431 1596 cohercet
452 1534 563 1614 frigore
585 1537 694 1597 Arctoo
716 1534 849 1612 rigenS,'
923 1602 926 1608 Δ

155 1627 184 1680 et
206 1637 294 1680 omne
316 1628 493 1682 monstrum.
538 1613 772 1699 tracta'magicis
796 1619 931 1682 cantibus

152 1705 329 1784 squamifera
351 1704 471 1768 latebris
493 1705 579 1766 turha
601 1705 725 1767 desertis
747 1705 838 1766 adest.
904 1781 905 1784 Ἴ

98 1835 100 1839 «
152 1789 210 1862 hic
224 1807 308 1851 saeva
331 1808 455 1870 serpens
477 1808 586 1870 corpus
609 1789 787 1853 immensum
811 1791 899 1852 trahit

152 1872 337 1955 trifidamque
359 1875 490 1953 linguam
513 1882 624 1936 exertat
646 1884 676 1937 et
698 1875 813 1956 quaerit
835 1876 943 1956 quibus

152 1960 304 2021 mortifera
325 1961 437 2022 veniat:
461 1961 592 2023 carmine
614 1960 713 2021 audito
736 1968 837 2040 stupet

154 2044 361 2125 tumidumque
382 2044 469 2107 nodis
491 2063 600 2126 corpus
623 2045 751 2124 aggestis
774 2045 863 2125 plicat

154 2131 293 2210 cogitque
315 2130 346 2191 in
369 2129 465 2191 orbes.
511 2136 610 2209 ‘parva
631 2130 710 2191 sunt'
732 2131 830 2210 inquit
852 2131 936 2193 ‘mala
1005 2146 1007 2151 ’

156 2225 185 2279 et
206 2215 262 2277 vile
284 2213 375 2276 telum
399 2224 459 2291 est,
482 2214 539 2276 ima
562 2215 641 2295 quod
661 2215 750 2277 tellus
772 2224 868 2277 creat:

101 2354 103 2358 .
139 2299 235 2367 ¹caelo
258 2310 355 2380 petam
377 2319 498 2362 venena.
544 2301 600 2361 iam
623 2301 680 2362 iam
703 2309 821 2383 tempus
843 2311 889 2383 est

44 2390 48 2395 ’
154 2385 264 2466 aliquid
286 2403 405 2446 movere
425 2384 529 2446 iraude
551 2385 663 2464 vulgari
685 2385 782 2446 altius.

154 2469 214 2532 huo
236 2469 285 2530 ille
307 2470 379 2531 rasti
400 2487 484 2531 more
505 2470 646 2532 torrentis
668 2469 770 2531 iacens

155 2555 313 2616 descendat
334 2555 565 2633 anguis‚'cuius
587 2555 747 2621 immensos
770 2555 854 2632 duae,

153 2641 249 2702 maior
270 2640 443 2719 minorque,
467 2640 600 2703 sentiunt
621 2640 717 2703 nodos
739 2641 819 2702 serae

153 2725 260 2804 (maior
280 2723 411 2803 Pelasgis
433 2732 516 2804 apta,
539 2724 670 2786 Sidoniis
690 2725 800 2800 minor)

153 2828 332 2891 pressasque
355 2810 473 2872 tandem
495 2808 588 2871 solvat
609 2809 784 2890 Ophiuchus
806 2828 911 2871 manus

153 2897 295 2975 virusque
316 2895 435 2968 lundat3
459 2894 535 2955 adsit
556 2895 592 2956 ad
614 2903 718 2957 cantus
739 2913 823 2956 meos

36 2995 39 3000 ·
154 2982 298 3043 lacessere
319 2998 410 3042 ausus
433 2979 549 3058 gemina
571 2979 687 3059 Python
709 2978 842 3041 numina.

154 3075 185 3128 et
206 3065 305 3146 Hydra
326 3073 356 3126 et
377 3065 474 3125 omnis
498 3065 597 3125 redeat
618 3064 763 3126 Herculea
786 3083 876 3126 manu

156 3151 271 3213 succisa
293 3169 433 3230 serpenS,
457 3149 546 3211 caede
568 3168 601 3211 se
622 3166 764 3229 reparans
785 3167 848 3210 sua.

155 3245 188 3298 tu
211 3253 332 3315 quoque
353 3234 464 3296 relictis
486 3234 610 3315 pervigil
633 3233 751 3305 Colchis
773 3234 852 3311 ades,

154 3321 251 3401 sopite
273 3320 403 3402 primum
425 3319 575 3396 cantibus,
599 3337 740 3399 serpens,
762 3319 855 3381 meis!

241 3456 290 3508 676
307 3468 421 3505 coaonae
438 3454 596 3504 inscribitur
612 3452 710 3505 Nutrix.
728 3451 818 3505 Medea
870 3455 918 3506 671
934 3450 1080 3519 augessitll
1132 3456 1182 3506 677
1195 3453 1232 3506 el-

81 3555 84 3562 ·
155 3520 220 3574 ludit
232 3521 308 3574 codd.
319 3524 429 3573 corraei
497 3522 546 3574 680
564 3521 720 3588 complicans
738 3522 763 3572 A
781 3535 930 3588 comparans
953 3523 1097 3587 proposuit
1114 3520 1233 3574 Baccha*

156 3590 227 3640 lorac
279 3591 328 3644 661
347 3589 455 3642 furenti
471 3588 522 3640 ΕΑ
539 3593 648 3655 corr-,g
698 3590 749 3643 683
766 3593 836 3641 arcto
857 3588 984 3641 oriensll
1040 3590 1089 3642 685
1109 3604 1233 3658 squamea

153 3656 199 3710 lat.
218 3657 243 3708 A
293 3661 344 3712 686
362 3671 418 3709 seru
436 3657 461 3708 A
529 3659 578 3711 687
598 3671 723 3725 quaerens
741 3657 766 3708 A
835 3659 885 3711 692
903 3657 953 3709 iam
974 3655 1041 3709 nunc
1059 3662 1078 3709 t.
1096 3671 1119 3710 e.
1139 3659 1164 3710 A
1180 3659 1232 3710 tarn

153 3728 174 3779 t.
193 3739 216 3777 e.
234 3725 259 3775 h
276 3729 398 3776 correxit
416 3723 567 3777 Gronovius
619 3727 935 3780 cto-toaettra-tto
952 3729 1048 3776 entant
1063 3724 1135 3778 tall
1180 3729 1232 3780 696

154 3792 306 3859 1167176111
357 3795 407 3846 698
425 3792 551 3861 ophiucus
567 3792 622 3844 llll
673 3795 723 3847 699
740 3792 830 3845 tundat
846 3793 907 3846 2m.
926 3792 1019 3846 enudat
1037 3794 1052 3845 1
1061 3792 1129 3846 noll
1181 3797 1232 3847 766

153 3859 254 3928 phyton
272 3861 320 3926 Ες
389 3863 437 3914 761
457 3876 547 3914 munus
563 3859 612 3912 llll
670 3863 720 3914 762
737 3860 849 3914 succisa:
868 3867 931 3913 onte
948 3876 965 3914 a
981 3867 1118 3928 expuncta
1136 3865 1147 3915 t
1164 3862 1206 3914 ccl
1217 3863 1233 3932 i

146 3930 251 3983 urard
269 3929 300 3984 lt.
321 3958 356 3969 -
373 3927 435 4000 sqde
453 3929 478 3981 u
547 3931 596 3983 768
615 3928 713 3982 colchis
730 3927 810 3980 stell
