2602 4380
112 217 172 279 106
382 231 419 273 oe
441 229 664 274 intrinsecum
687 229 903 273 eomosrrmnn.

313 385 351 442 ite
372 386 519 455 innocuae,
543 399 612 459 pens
633 385 665 441 e'n
683 383 781 460 primo

314 466 413 527 limine
433 471 509 528 vitoe
530 464 618 527 scelos
640 469 778 544 oppressit

308 554 477 630 patriusque
496 552 603 629 seror:
676 552 681 562 '

312 639 350 696 ite
371 639 461 696 iratos
481 639 564 697 visite
584 652 671 712 repes.

109 737 182 798 haec
205 735 229 796 si
252 743 331 796 recte
354 737 498 815 disputata
521 743 602 811 sunt,
624 734 655 794 in
678 733 806 794 Hercule
829 733 928 812 priore
950 732 1049 795 hiatus
1072 740 1102 796 et
1122 732 1175 814 syl·

109 820 173 882 laba
202 839 311 900 anceps
338 828 454 881 tantum
483 819 513 880 in
545 821 604 880 fine
633 836 770 879 versuum
793 817 1002 893 inveniuntur3
1033 818 1065 879 in
1086 817 1174 880 media

110 905 255 967 sententia
281 906 339 969 170

312 989 414 1051 mobile
435 989 537 1067 colpus
556 991 561 1062 1
580 1006 655 1049 curo
680 988 822 1049 tumidum

110 1082 139 1135 et
164 1076 244 1138 1056
311 1073 423 1135 mobilis
444 1074 532 1147 ende,
553 1070 558 1153 Ι
578 1085 662 1153 tuque
683 1083 748 1151 onte
774 1088 870 1133 omnes

109 1174 222 1252 reliqua
251 1173 334 1235 finito
363 1193 463 1236 sensu.
507 1174 716 1253 interpolatum
738 1190 807 1234 vero
830 1191 895 1233 esse
914 1170 1041 1232 vidimus
1062 1189 1174 1234 versum

112 1260 192 1322 1109
210 1258 260 1338 qui
275 1259 310 1319 ad
326 1260 547 1321 antecedentem
563 1259 666 1319 eodem
681 1258 768 1318 modo
784 1257 815 1318 in
831 1254 983 1318 codicibus
1000 1256 1173 1337 applicatur:

313 1362 391 1421 undo
409 1361 561 1440 profundi,
583 1361 587 1436 l
606 1371 632 1421 et
653 1363 704 1439 qni
723 1359 841 1421 medicos.

151 1528 260 1589 Phaed.
283 1530 345 1592 325

312 1613 384 1674 uidit
407 1611 500 1673 Persis
522 1612 626 1691 ditique
646 1613 735 1690 [eroco

311 1695 404 1776 Lydio
425 1715 511 1776 necno
534 1697 637 1758 deiecto
658 1696 719 1774 fori

314 1793 420 1860 torpe
448 1781 568 1843 leonis
595 1784 824 1860 umerisque,
855 1780 989 1860 quibes

312 1868 421 1928 sederat
446 1865 501 1927 niti
520 1869 599 1944 nepio
621 1864 699 1940 coeli,

313 1961 426 2012 tenuem
452 1949 537 2029 Tyrio
559 1955 680 2012 stamine
697 1948 808 2028 pollone

110 2034 188 2112 quod
210 2033 363 2112 Peiperus‚
386 2044 419 2104 ut
436 2034 595 2114 ancipitem
610 2034 748 2113 syllabam
763 2033 890 2108 tolleret,
912 2032 1033 2112 scripsit
1046 2037 1176 2114 cetusque

108 2123 216 2179 umeris
239 2119 268 2179 id
290 2119 380 2179 elficit
401 2126 435 2178 ut
455 2118 585 2196 intellegi
608 2119 639 2179 hi
661 2136 763 2180 versus
785 2119 907 2178 omnino
930 2125 1091 2196 nequeant.
1128 2116 1174 2179 sed

56 2247 70 2257 .
108 2203 195 2262 ctiam
210 2202 290 2280 quod
305 2202 429 2263 traditur
445 2203 630 2282 grammatica
646 2212 772 2264 recusat.
801 2203 837 2263 ad
853 2220 980 2280 quorum
1002 2201 1175 2264 sententiam

107 2287 327 2365 complendam,
351 2294 384 2347 nt
406 2306 487 2348 nunc
509 2287 659 2367 leguntur,
682 2288 739 2348 hoc
761 2286 911 2348 subaudiri
937 2287 1040 2349 debet:
1070 2285 1176 2347 umeris

108 2370 216 2448 quibus
238 2371 349 2432 caelum
373 2373 488 2433 sederat
509 2372 626 2452 Tyriam
649 2372 754 2452 pallam
777 2372 890 2448 [sedere
911 2371 1004 2448 vidit]‚
1031 2371 1113 2450 quod
1133 2370 1175 2433 in·

108 2463 208 2534 eptum
238 2464 297 2516 est:
336 2474 404 2516 nam
434 2457 477 2518 sic
507 2457 582 2536 palla
612 2476 679 2518 cum
707 2456 787 2517 caelo
820 2464 1007 2535 comparatur
1037 2475 1098 2536 quo
1125 2472 1175 2519 uec

107 2540 170 2599 sani
200 2540 359 2620 quicquam
385 2560 442 2603 neo
470 2543 559 2602 buius
581 2541 638 2602 loci
659 2558 783 2602 acumen
807 2540 998 2619 significatur.
1035 2540 1067 2602 id
1090 2540 1122 2603 iu
1143 2557 1174 2600 eo

107 2623 237 2702 positum
260 2635 305 2686 est
326 2634 360 2686 ut
382 2627 493 2701 umeri,
516 2626 567 2706 qui
590 2626 702 2687 caelum
726 2625 858 2699 tulerint,
881 2625 959 2705 pelle
981 2625 1077 2687 lerina
1100 2622 1175 2705 dign

107 2727 172 2771 esse
195 2710 339 2784 dicantur,
364 2729 424 2770 non
447 2720 527 2772 veste
542 2711 673 2772 Sidonia.
711 2710 759 2772 hic
778 2729 897 2790 quoque
914 2709 1046 2771 medium
1060 2708 1174 2790 aliquid,

106 2815 123 2853 a
145 2811 204 2872 quo
226 2799 335 2855 ueneris
356 2796 492 2874 pendeat,
515 2795 701 2857 intercidisse
723 2803 813 2874 patet,
836 2794 922 2873 quale
945 2801 990 2854 est
1004 2788 1174 2879 [sumptam-

107 2896 158 2958 que
174 2873 278 2962 orme's]
290 2881 313 2954 8)
327 2885 487 2959 umerisque
508 2880 609 2960 quibos
625 2881 735 2942 sederet
751 2899 776 2938 e.
788 2898 817 2957 q.
829 2898 863 2953 s.‚
887 2890 929 2953 ut,
951 2878 977 2938 si
992 2888 1173 2941 monometer

107 2962 299 3033 interciderit,
315 2962 345 3023 in
365 2974 582 3025 monometrum
603 2968 723 3026 stamine
741 2963 852 3044 pollam
872 2962 1014 3045 periodus
1029 2965 1131 3039 exiret,
1152 2961 1172 3024 si

108 3048 241 3120 dimeter,
265 3047 295 3107 in
319 3047 474 3109 dimetrum
496 3068 522 3109 v.
545 3051 616 3112 329.

191 3134 264 3194 alter
295 3131 379 3193 locus
407 3144 452 3193 est
482 3133 512 3193 in
543 3133 645 3194 eodem
678 3132 792 3193 cantico
827 3133 863 3194 de
896 3133 1012 3194 Amoris
1046 3131 1173 3212 potentio

106 3236 130 3277 v.
156 3220 216 3282 338
240 3236 300 3296 sq.:

310 3306 387 3381 eones
408 3305 494 3363 sentit
513 3320 602 3380 penos
623 3300 764 3380 cleperent
769 3324 780 3374 ‚-

309 3406 409 3448 oenere
431 3390 581 3449 instinctus
602 3389 718 3465 suscipit
740 3387 839 3448 andan

193 3604 215 3666 8)
234 3602 265 3652 cl.
283 3601 355 3655 Ouid.
373 3607 433 3656 met.
448 3603 500 3668 llll,
519 3607 568 3657 396
586 3620 620 3654 ero
638 3606 737 3654 umeris
754 3601 854 3653 medios
872 3616 947 3652 coma
966 3601 1132 3667 dependebat
1147 3603 1182 3650 in

107 3669 376 3736 cmoe.·—deipsu
394 3671 536 3724 rentem
555 3672 651 3728 sortem
670 3685 790 3722 nocemus
809 3673 885 3720 metus
901 3685 937 3719 eac
953 3672 1055 3720 omem
1072 3669 1112 3720 loo
1131 3667 1184 3719 do-

106 3752 170 3786 num
193 3737 298 3800 puellae
320 3737 410 3798 soclus
433 3745 459 3788 et
480 3739 556 3790 clueo
580 3739 683 3789 excidit
699 3738 828 3802 fulsitque
851 3739 952 3803 pictum
971 3742 1041 3788 veste
1064 3736 1189 3788 Sidonia

107 3805 195 3857 letus?
223 3804 302 3857 Theb.
312 3805 342 3870 X,
360 3810 409 3859 646
428 3810 467 3855 sic
478 3804 568 3871 Lydia
586 3809 706 3857 coniuncc
717 3804 980 3872 Amplitryoniaden
992 3811 1103 3856 emulum
1116 3805 1189 3854 boo·-
1206 3807 1213 3813 '

106 3875 193 3922 nenton
212 3878 288 3938 terge
305 3874 417 3939 perdere
430 3873 555 3924 Sidonios
572 3875 671 3924 umeris
689 3874 794 3923 uidebat
812 3876 925 3924 amiotus
941 3878 967 3922 et
980 3871 1196 3924 contonantes

106 3945 132 3991 et
150 3945 277 4008 tympano
296 3956 419 4007 rumpere
438 3940 541 3993 dentre.
