2580 4366
106 207 165 270 148
433 221 471 263 ns
494 219 655 262 ruscorum
675 218 847 261 nmrcmcs.

104 374 219 455 pidem,
249 391 285 433 er
315 388 374 450 quo
402 370 587 448 superiorem
613 370 790 449 plerumque
811 369 987 449 Euripidem
1015 368 1154 431 decessisse

104 459 219 521 saecula
249 463 351 519 testata
381 463 467 528 sunt;
497 462 566 533 post
593 452 659 514 illos
689 472 746 516 nec
773 464 947 532 argumenta
976 473 1051 535 quae
1071 460 1155 515 traca

104 551 208 604 verant
235 559 291 603 nec
320 556 515 619 personarum
543 538 769 619 praecipuarum
794 557 893 600 mores
922 547 953 601 ct
981 536 1156 602 naturamsl

104 628 163 689 illis
178 625 337 688 constituta
354 623 492 702 cuiquam
506 622 591 685 licuit
612 623 784 699 immutare,
811 624 891 703 quod
913 633 943 687 et
964 624 1121 686 litterarum
1137 630 1158 682 et

106 713 177 774 artis
199 716 391 772 monumenta
406 709 581 770 ostendunt:
605 707 656 786 qui
672 709 826 770 immutare
840 708 950 771 vellent
964 726 1089 789 prorsus
1102 724 1158 769 nou

106 797 248 859 inducere
272 793 426 855 debebant.
464 794 520 854 iam
543 793 658 872 priores
672 792 874 854 Romanorum
895 794 1026 874 tragicos
1040 809 1160 872 umquam

106 884 207 960 ignota
222 879 390 958 indictaque
405 879 518 958 primos
533 878 692 957 protulisse
708 896 795 938 nemo
811 878 1020 951 arbitrabitur3
1043 878 1073 939 in
1088 876 1161 939 dne

107 968 150 1028 cis
178 983 246 1026 vero
276 962 475 1043 exprimendis
504 981 566 1024 non
592 971 706 1024 tantum
723 962 862 1025 ,Medeam
889 964 1023 1025 ferocem
1053 961 1161 1025 llebilen

107 1052 232 1113 lnonem
253 1049 398 1129 perfidum
420 1047 521 1109 lxiona
535 1047 636 1108 lonem
660 1065 759 1125 ragom
781 1049 895 1110 tristem
911 1048 1040 1111 Oresten
1061 1064 1163 1127 reprse

107 1143 224 1198 sensere
253 1134 435 1208 debuerunt,
465 1132 516 1195 sed
547 1139 575 1193 et
604 1131 634 1193 in
661 1133 843 1211 argumentis
865 1132 1060 1213 disponendis
1081 1140 1108 1193 et
1124 1148 1164 1192 es·

107 1219 253 1301 plicandis
275 1218 450 1297 exemplaria
473 1216 567 1295 sequi,
591 1216 649 1277 nisi
672 1217 742 1279 artis
765 1235 872 1298 opera,
896 1218 928 1279 in
950 1217 1062 1297 quibus
1082 1215 1163 1278 omnia

109 1324 161 1367 sua
184 1311 289 1365 natura
307 1303 509 1376 cohaererent,
525 1301 677 1362 destruere
692 1301 821 1363 mallent.
858 1302 888 1363 id
901 1302 983 1381 qucd
996 1301 1101 1363 fecisse
1112 1299 1166 1361 illos

109 1393 272 1469 fragmenta
287 1387 395 1449 docent
411 1387 443 1448 in
459 1386 567 1466 quibus
582 1405 658 1465 quae
673 1387 814 1466 refragari
828 1387 966 1449 videntur
980 1387 1080 1449 omnia
1092 1400 1165 1447 suun

110 1474 285 1554 explicatum
314 1471 433 1533 habent.
477 1479 507 1532 et
536 1471 654 1549 quidem
676 1471 783 1532 merito
806 1490 868 1534 non
889 1471 973 1533 Livio
994 1480 1107 1534 tantum
1124 1468 1165 1530 sed

112 1569 141 1621 et
162 1557 289 1619 Pacuvio
312 1557 384 1617 illud
408 1557 518 1635 gloriae
540 1556 685 1616 ducimus.
1015 1568 1021 1575 ·

196 1641 329 1703 civilibus
359 1641 444 1703 bellis
470 1640 598 1721 peractis
627 1658 695 1702 eum
723 1641 868 1702 rhetorica
902 1641 1059 1721 discipline
1089 1638 1168 1717 magis

111 1728 264 1808 magisque
285 1726 317 1786 in
340 1725 506 1787 eruditione
529 1743 676 1787 summum
697 1725 798 1787 locum
819 1734 989 1805 occuparet,
1011 1736 1042 1787 et
1056 1741 1169 1786 consen·

111 1825 232 1876 taneum
255 1820 316 1873 erat
336 1820 371 1873 ut
393 1810 490 1891 prisca
511 1810 611 1890 prisco
633 1828 715 1873 more
736 1816 857 1873 tractata
872 1810 1031 1890 displicere
1044 1806 1169 1871 nonanis

111 1899 288 1978 inciperent,
312 1905 340 1958 et
362 1895 420 1976 ipsi
443 1913 518 1956 novo
541 1895 740 1957 instrumento
762 1913 871 1956 novum
893 1894 1033 1975 quiddam
1051 1893 1169 1975 prudeus

112 2001 201 2063 posse
229 1981 285 2042 sibi
314 1980 496 2041 videbantur.
540 1979 706 2059 periculum
736 1980 767 2040 in
796 1980 886 2041 mimo
915 1980 1026 2042 lectum
1051 1986 1110 2041 erat
1128 1974 1169 2057 qui

113 2086 181 2129 cum
210 2076 314 2129 natura
341 2065 394 2128 arti
425 2064 589 2126 rhetoricae
618 2065 715 2126 affinis
744 2073 822 2126 esset
843 2072 987 2144 quantum
1009 2063 1046 2125 ab
1068 2063 1114 2125 illa
1131 2079 1169 2122 rc

114 2151 228 2232 ceperit
256 2160 285 2212 et
313 2151 344 2211 in
374 2150 453 2211 illam
480 2149 604 2211 valuerit
635 2149 766 2211 Senecae
798 2149 891 2228 patris
921 2148 1050 2212 lectores
1077 2148 1169 2211 odunt.

115 2255 223 2298 novum
239 2244 336 2297 autem
353 2253 448 2313 genus
462 2235 662 2312 tragoedia
684 2234 880 2316 rhetorica
898 2233 1017 2296 inventa
1032 2240 1087 2311 est,
1100 2231 1169 2295 cuius

114 2320 229 2383 indoles
259 2320 386 2381 breviter
414 2319 458 2380 sic
486 2319 613 2381 describi
642 2326 741 2399 potest
767 2327 801 2381 ut
822 2317 909 2402 ἦθος
938 2319 971 2380 in
999 2336 1033 2380 ea
1061 2316 1169 2387 nullum,

115 2401 232 2478 πάθος
261 2405 359 2465 omnia
388 2423 454 2465 esse
483 2404 606 2466 dicatur.
658 2422 724 2465 nam
754 2423 830 2484 quae
857 2403 892 2466 ad
925 2420 1025 2465 mores
1055 2407 1169 2484 spectem

116 2489 272 2553 sententiis
296 2488 605 2568 comprehenduntur,
635 2489 757 2551 affectus
778 2489 868 2569 plene
891 2496 920 2549 et
941 2487 1048 2550 diffuse
1069 2504 1169 2568 roprae

116 2582 281 2649 mutantur,
308 2573 441 2635 oratione
470 2574 567 2634 omnis
596 2574 714 2653 generis
743 2573 894 2635 coloribus
921 2572 1117 2653 sensibusque
1135 2571 1169 2631 iu·

116 2667 238 2733 structa,
260 2657 509 2741 descriptionibus
532 2666 561 2719 et
583 2658 802 2720 narrationibus
817 2657 1028 2738 undecumque
1043 2654 1169 2719 arcessitis

117 2755 147 2807 et
169 2744 350 2822 ubicumque
371 2742 479 2804 inlatis.
524 2743 588 2804 eius
616 2742 797 2821 tragoediae,
828 2760 903 2823 quae
924 2742 982 2803 iam
1004 2738 1169 2805 Graecanicis

117 2829 250 2890 versibus
272 2828 435 2907 composita
457 2827 657 2890 Romanorum
679 2827 810 2906 ingenio,
836 2827 952 2907 sepulta
974 2826 1077 2891 saltem
1097 2824 1169 2889 mm

117 2932 150 2975 re
172 2912 301 2993 publica,
323 2912 473 2992 aptissima
490 2921 561 2986 erat,
583 2913 677 2992 prima
694 2913 826 2992 exempla
840 2930 901 2974 ncn
917 2912 1062 2974 Senecam
1076 2910 1169 2975 selim

118 3006 232 3061 certum
256 3007 309 3059 est.
354 3015 426 3058 num
449 2998 506 3059 iam
526 3016 543 3058 a
565 2997 644 3059 Varii
667 2997 797 3059 Tbueste
818 2996 862 3057 vel
884 3006 954 3059 ente
975 2996 1061 3063 illum
1084 2993 1169 3059 eru

118 3084 200 3146 lione
222 3082 339 3144 initium
362 3082 474 3162 ceperit
484 3085 515 3158 1),
540 3081 668 3144 dubitari
690 3090 798 3162 potest,
821 3098 889 3143 cum
908 3081 939 3143 in
955 3082 1073 3162 epicam
1086 3078 1169 3159 stogia·

119 3187 242 3248 eamque
271 3167 376 3247 poesin
405 3166 440 3228 ab
470 3165 573 3228 Ouidio
602 3168 720 3229 demum
748 3165 912 3228 rhetoricae
939 3165 1113 3247 disciplinso
1140 3163 1169 3225 ir

120 3255 201 3316 doles
223 3252 312 3315 inlata
335 3251 381 3313 sit.
417 3268 594 3330 quamquam
616 3251 789 3323 Quintiliani
810 3250 907 3312 verbis
928 3252 1002 3328 (loos
1019 3249 1103 3315 Varii
1116 3246 1169 3329 ll!

120 3350 188 3402 estes
214 3338 327 3400 cuilibet
353 3355 524 3417 graecorum
551 3340 715 3418 comperero·
737 3337 841 3416 potest)
863 3344 892 3397 et
914 3344 1092 3415 argumento
1110 3348 1169 3415 quot

120 3424 307 3502 potissimum
329 3422 386 3484 sibi
407 3420 592 3483 ucciandum
615 3421 718 3483 Varius
740 3421 883 3501 sumpsit,
912 3438 980 3483 com
1002 3420 1102 3485 robori
1119 3416 1169 3481 ilo

120 3506 242 3568 videtur.
294 3506 347 3568 sed
377 3505 472 3567 Ovidii
500 3505 632 3568 bledesm
662 3525 698 3568 ex
726 3524 802 3567 novo
836 3522 959 3584 genere·
1011 3505 1072 3569 isse
1102 3502 1169 3567 mult

211 3671 229 3734 ¹)
247 3686 273 3721 v.
292 3670 418 3725 Welclrer.
435 3676 467 3724 tr.
485 3687 522 3740 gr.
549 3674 612 3725 1421
632 3687 671 3756 sq.
694 3686 784 3725 versus
808 3668 964 3725 Graecorum
986 3672 1039 3725 ritu
1061 3667 1169 3741 mpod

122 3736 284 3791 sufficiebant
302 3741 330 3789 ut
346 3738 470 3792 Pollionis
489 3739 635 3806 tragoediae
661 3755 731 3792 noea
749 3735 884 3791 earmina’
905 3739 1025 3794 eudbent
1042 3740 1129 3809 (larg.
1142 3750 1169 3791 et

124 3809 148 3871 3,
158 3807 209 3870 86).
230 3804 340 3924 pravius
357 3810 397 3858 est
414 3806 482 3873 qnod
501 3807 591 3859 Ouidio
609 3806 682 3861 illusa
699 3806 761 3860 dicit
777 3806 888 3874 (smlll,
900 3808 977 3928 wll
994 3824 1069 3861 nune
1084 3808 1169 3884 utu!

121 3879 214 3953 perte
255 3888 351 3992 empna
370 3875 511 3939 tragoedia
528 3891 636 3940 nomen,
659 3890 709 3944 quc
731 3875 857 3928 indicetur
874 3875 953 3944 sllqci
989 3876 1060 3944 qnod
1076 3876 1169 3930 nomn

123 3956 253 4008 proprium
272 3957 312 3994 ss.
