2580 4366
533 232 707 275 ruondlsssn

81 390 163 464 petat
185 390 252 442 ante
273 390 406 442 matrem.
450 381 518 457 tela,
542 382 593 462 qui
614 383 704 445 fuerit
729 384 808 464 pius,

80 474 207 545 rogante
228 474 320 547 ponat
343 474 451 541 matre;
474 467 525 546 qui
548 486 609 528 non
633 477 678 529 est
699 469 767 549 pius

81 551 206 631 incipiat
227 570 243 612 a
265 570 323 613 me.
367 551 495 613 fervidos
517 552 639 614 iuvenes
661 572 735 615 anus

81 636 201 710 tenebo,
227 637 341 697 nullum
363 644 438 699 teste
459 655 507 698 me
528 638 578 698 liet
600 637 699 714 nefas3

82 731 135 783 aut
157 721 182 782 si
205 721 325 800 aliquod
347 730 376 782 et
397 740 445 782 me
466 729 542 784 teste
565 723 706 784 committi
729 735 838 804 potest,

84 825 147 868 non
170 807 219 867 fiet
241 825 345 868 unum.
411 826 477 869 rur.
522 806 612 886 Signa
636 807 749 870 collatis
771 810 881 873 micant

82 891 179 952 vicina
200 892 304 970 signis,
327 891 437 952 clamor
458 891 574 953 hostilis
598 893 712 969 lremit;

82 976 182 1036 scelus
202 976 234 1037 in
256 976 428 1057 propinquo
451 984 510 1038 est:
535 995 657 1057 occupa,
679 987 781 1056 mater,
804 998 919 1060 preces.

83 1070 113 1122 et
136 1080 204 1122 ecce
226 1069 323 1121 motos
343 1060 462 1122 fletibus
486 1063 588 1122 credas
609 1061 694 1137 meis,

83 1146 128 1206 sic
149 1163 254 1224 agmen
277 1146 366 1207 armis
389 1163 480 1224 segne
502 1147 674 1227 compositis
695 1149 784 1210 venit.

83 1249 146 1291 sur.
163 1231 328 1328 sProcedit
350 1230 428 1292 acies
450 1231 540 1307 tarda,
563 1232 614 1293 sed
636 1243 798 1314 properant
819 1235 918 1296 duces.

83 1334 140 1376 roc.
191 1315 264 1387 Quis
285 1334 333 1376 me
355 1316 502 1396 procellae
524 1316 643 1378 turbine
665 1318 770 1380 insano
791 1321 903 1382 vehens

83 1399 204 1461 volucer
226 1419 280 1480 per
301 1419 387 1462 auras
409 1411 515 1463 ventus
537 1402 680 1464 aetherias
706 1401 795 1481 aget?

85 1503 161 1563 quae
183 1485 298 1565 Sphinx
320 1485 365 1546 vel
387 1493 448 1547 atra
471 1485 550 1548 nube
572 1486 732 1549 subtexens
754 1487 832 1550 diem

84 1570 265 1650 Stymphalis
287 1570 377 1632 avidis
398 1579 568 1651 praepetem
590 1573 700 1652 pennis
721 1570 858 1673 feretis

84 1663 136 1716 aut
158 1674 233 1734 quae
254 1673 309 1735 per
330 1655 402 1717 altas
424 1657 500 1718 aeris
522 1657 617 1735 rapiet
638 1656 699 1718 vias

85 1739 213 1820 Harpyia
235 1741 312 1802 saevi
335 1741 414 1819 regis
437 1740 594 1802 observans
616 1743 721 1802 famem

85 1837 115 1888 et
137 1827 215 1886 inter
236 1825 314 1886 acies
335 1825 462 1905 proiciet
483 1835 596 1903 raptam
619 1823 714 1886 duas?

86 1929 147 1971 sur.
192 1908 276 1970 Vadit
296 1910 407 1971 furenti
429 1909 533 1971 similis
555 1911 713 1972 autetiam
736 1911 816 1973 furit.

85 1994 188 2072 sagitta
211 1994 307 2073 qualis
327 1994 463 2055 Parthica
486 1994 570 2056 velox
592 2014 680 2056 manu

86 2097 210 2141 excussa
231 2081 336 2154 fertur,
360 2079 455 2158 qualis
477 2080 582 2141 insano
605 2080 676 2141 ratis

86 2174 240 2244 premente
262 2175 350 2226 vento
372 2165 487 2244 rapitur
508 2175 559 2226 aut
581 2165 676 2244 qualis
699 2165 775 2227 cadit

86 2249 204 2327 delapsa
227 2249 307 2310 caelo
330 2249 423 2324 stella,
447 2267 514 2310 cum
537 2252 687 2329 stringens
710 2250 812 2329 polum

85 2342 195 2395 rectam
219 2334 315 2394 citatis
337 2333 455 2413 ignibus
477 2335 590 2415 rumpit
610 2336 695 2410 viam,

86 2419 208 2481 attonita
231 2437 323 2480 cursu
345 2419 420 2497 fugit
442 2427 471 2480 et
492 2419 577 2481 binas
599 2421 696 2481 statim

86 2503 201 2565 diduxit
222 2505 310 2565 acies.
353 2505 428 2565 ricta
448 2513 581 2566 materna
603 2523 692 2585 prece

86 2589 210 2650 haesere
232 2588 317 2663 bella,
340 2588 458 2667 iamque
481 2591 511 2650 in
534 2589 676 2651 alternam
698 2608 801 2651 necem

86 2672 169 2734 illinc
191 2682 221 2734 et
242 2673 313 2733 binc
335 2674 459 2734 miscere
482 2674 637 2753 cupientes
659 2693 765 2735 manus

87 2758 192 2818 librata
214 2758 314 2819 dextra
336 2759 393 2820 tela
415 2777 560 2838 suspensa
582 2765 694 2821 tenent.

87 2842 298 2923 pausaretur,
321 2842 453 2905 omnium
475 2844 588 2905 ferrum
611 2844 685 2905 iacet

89 2936 218 2989 cessatve
239 2936 350 2989 tectum
357 2947 366 3003 3
389 2928 483 2989 vibrat
505 2928 535 2989 in
558 2931 682 2990 fratrum
704 2947 804 2991 manu.

87 3012 194 3073 laniata
216 3032 304 3074 canas
326 3021 419 3074 mater
440 3013 571 3074 ostendit
592 3032 701 3089 comas,

87 3105 174 3175 rogat
194 3097 368 3173 abnuentes,
392 3098 500 3175 inrigat
520 3098 592 3160 fletu
615 3116 715 3177 genas.

90 3200 199 3261 negare
220 3183 306 3243 matri
328 3182 379 3262 qui
404 3182 454 3243 diu
477 3183 598 3261 dubitat,
620 3190 729 3264 potest.

174 3402 224 3452 499
242 3400 324 3450 luerat
342 3399 366 3448 ll
435 3403 486 3452 tto
504 3416 555 3452 om.
567 3401 593 3451 Id
607 3403 696 3466 posito
716 3401 753 3451 ed
769 3400 872 3451 laevum
884 3401 1034 3463 marginem
1047 3416 1063 3450 a
1075 3399 1164 3450 rubri·

91 3488 182 3534 catere
199 3484 318 3549 ra'gnoR
369 3487 420 3537 413
438 3484 461 3535 si
478 3483 547 3551 quod
564 3485 590 3535 A
616 3485 637 3536 si
655 3484 753 3552 aliquot
769 3485 795 3536 ld
854 3487 905 3537 414
922 3497 1053 3550 personae
1070 3487 1164 3534 notem

90 3565 142 3602 om.
154 3551 180 3601 E
247 3554 298 3604 419
316 3567 386 3618 perr.
404 3558 459 3604 not.
478 3567 528 3602 om.
546 3553 623 3603 codd.
641 3555 736 3604 nuntio
755 3553 830 3604 dedit
844 3551 959 3602 bethtur
1026 3553 1076 3605 420
1093 3567 1163 3617 pere.

89 3624 145 3671 not.
159 3618 416 3671 emb-insanae
433 3619 458 3670 A
508 3619 694 3687 lblspynxb'
745 3623 795 3675 423
810 3620 933 3689 pinnisId
984 3618 1165 3688 lidrapiatll

90 3688 141 3738 425
159 3686 249 3755 arpyla
268 3687 348 3740 13.-
375 3702 448 3738 amen
466 3687 492 3738 n*
560 3690 610 3740 439
628 3688 720 3740 insono
736 3688 762 3740 u
830 3691 878 3742 431
898 3687 1003 3753 delapso
1020 3687 1046 3738 E
1114 3690 1164 3741 434

90 3752 197 3805 deduxit
213 3758 232 3818 ς
307 3758 357 3808 435
381 3755 494 3823 iamque:
517 3756 541 3807 ia
560 3756 594 3806 cc
612 3771 628 3807 n
647 3757 662 3808 1
680 3772 714 3808 m.
732 3756 757 3808 Ε
775 3757 908 3821 (volcmar
925 3760 1045 3824 namque)
1113 3758 1164 3809 436

90 3836 192 3873 manum
210 3823 235 3873 A
304 3825 354 3876 437
379 3823 476 3875 vibrata
495 3824 520 3874 Ε
541 3827 662 3875 corr-ercii
678 3823 713 3877 Ν.
731 3826 856 3877 Henetus
876 3825 936 3878 ado.
952 3842 980 3892 p.
998 3824 1032 3877 57
1066 3824 1164 3876 vibrata

90 3890 142 3941 tela
160 3890 292 3944 continent
309 3890 396 3943 dextra
415 3906 460 3943 sua
478 3893 503 3943 A
588 3894 639 3946 438
661 3892 754 3946 ferrum
771 3893 835 3947 latet
850 3895 876 3945 A
961 3895 1011 3947 439
1029 3897 1165 3960 cessatque

90 3958 170 4010 telum
187 3957 212 4012 A
247 3965 382 4027 cessatque
399 3963 496 4013 tectum
513 3959 539 4010 Ε
556 3964 677 4013 cor-rescit
692 3961 727 4015 Ν.
745 3963 871 4016 Heinsius
888 3961 956 4015 ibid.
