2580 4366
532 221 708 292 acxnxixuou

169 397 226 458 Sed
250 415 304 458 cur
325 405 452 458 sacratas
474 397 584 478 deripis
605 400 694 478 capiti
717 400 847 462 infulas?

83 483 200 542 miseris
222 481 362 544 colendos
384 481 509 543 maxime
531 502 656 562 superos
678 493 790 564 putem.

84 587 158 628 cass.
204 567 307 628 Vicere
330 575 431 627 nostra
453 568 509 628 iam
531 577 629 629 metus
652 588 756 632 omnes
778 572 861 632 mala.

84 653 220 730 equidem
243 670 300 712 nec
321 650 519 732 ulla'caelites
541 653 627 732 placo
649 673 739 733 prece

84 756 149 808 nec,
172 739 196 797 si
220 737 309 798 velint
330 736 451 810 saevire,
474 756 534 816 quo
558 749 685 801 noceant
706 740 824 802 hahent.

83 823 212 882 Fortuna
235 822 311 882 vires
334 821 395 899 ipsa
419 823 605 902 consumpsit
627 843 704 885 suas.

83 925 157 985 quae
180 908 272 986 patria
295 914 393 981 restat,
418 907 484 985 quis
507 916 600 987 pater,
616 927 701 987 quae
722 910 781 971 iam
803 908 914 971 soror?

83 992 183 1052 hiher'e
206 991 311 1053 tumuli
335 992 509 1068 sauguinem
532 1000 620 1073 atque
641 1012 710 1055 arae
731 1014 840 1057 meum.

83 1077 154 1154 quid
176 1077 223 1137 illa
245 1076 313 1137 felix
337 1076 422 1136 turha
443 1076 565 1138 fraterni
588 1077 711 1157 gregis?

83 1162 221 1222 exhausta
244 1179 367 1240 nempe:
391 1161 472 1238 regia
494 1162 593 1224 miseri
616 1182 703 1225 senes

83 1265 171 1308 vacua
193 1246 304 1319 relicti;
328 1254 429 1325 totque
451 1266 506 1326 per
527 1248 671 1309 thalamos
693 1249 792 1310 vident

82 1341 200 1410 praeter
220 1331 383 1391 Lacaenam
406 1339 518 1394 ceteras
539 1333 642 1394 viduas
662 1352 768 1396 nurus.

83 1428 126 1477 tot
148 1416 196 1476 illa
219 1433 322 1494 regum
345 1423 438 1477 mater
460 1425 489 1478 et
510 1417 642 1493 regimen
663 1418 824 1499 Phrygum,

82 1502 208 1562 fecunda
231 1501 260 1560 in
284 1501 369 1578 ignes
392 1501 512 1562 Hecuba
533 1502 661 1564 fatorum
685 1522 774 1565 novas

83 1596 201 1665 experta
223 1585 303 1662 leges
325 1585 421 1646 induit
442 1587 540 1648 vultus
562 1587 658 1648 feros:

83 1671 160 1731 circa
183 1671 284 1731 ruinas
306 1670 405 1730 rabida
428 1671 543 1732 latravit
565 1690 643 1746 suas,

82 1755 187 1816 Troiae
210 1762 372 1835 superstes,
397 1755 526 1829 Hectori,
549 1755 677 1830 Priamo,
698 1757 765 1818 sibi.

83 1859 165 1901 enon.
210 1841 284 1901 Silet
305 1848 427 1918 repente
450 1841 584 1902 Phoebas
606 1849 637 1902 et
657 1841 753 1921 pallor
775 1860 866 1920 genas

82 1925 244 2004 creberque
266 1933 360 1985 totum
383 1926 514 2003 possidet
537 1934 648 2005 corpus
669 1935 796 2001 tremor3

81 2019 189 2071 stetere
212 2010 309 2082 vittae,
332 2009 429 2070 mollis
452 2011 598 2071 horrescit
619 2029 713 2087 coma,

82 2095 185 2155 anhela
208 2095 295 2154 corda
318 2112 470 2155 murmure
492 2096 608 2157 incluso
627 2096 771 2172 fremunt,

82 2179 194 2240 incerta
218 2187 324 2239 nutant
345 2179 457 2240 lumina
480 2190 509 2240 et
530 2181 606 2242 versi
628 2189 708 2241 retro

79 2272 257 2343 torquentur
280 2263 368 2339 oculi,
391 2283 495 2327 rursus
517 2265 632 2328 immoti
654 2267 760 2345 rigent.

79 2368 161 2410 nunc
183 2349 257 2409 levat
279 2350 309 2408 in
332 2368 418 2411 auras
440 2349 528 2410 altior
548 2350 634 2412 solito
657 2361 747 2431 caput

80 2434 271 2513 graditurque
294 2433 382 2507 celsa,
406 2453 487 2495 nunc
509 2436 689 2497 reluctantes
711 2449 795 2516 parat

79 2537 212 2580 reserare
234 2519 345 2594 fauces,
367 2520 455 2580 verba
480 2539 561 2582 nunc
583 2521 683 2582 clauso
706 2521 780 2583 male

79 2605 208 2665 custodit
230 2622 281 2664 ore
304 2622 422 2665 maenas
444 2604 600 2684 impatiens
623 2607 679 2668 dei.

80 2707 155 2749 mss.
200 2688 276 2758 Quid
299 2706 346 2750 me
368 2689 477 2750 furoris
500 2690 620 2752 incitam
642 2691 769 2752 stimulis
791 2690 859 2754 novi

79 2773 150 2851 quid
174 2773 280 2833 mentis
303 2773 433 2853 inopem,
457 2793 539 2836 sacra
557 2774 683 2851 ,Parnasi
705 2777 783 2853 iuga,

79 2855 203 2937 rapitis?
238 2858 352 2933 recede,
376 2858 505 2932 Phoebe,
528 2859 585 2919 iam
608 2878 668 2920 non
693 2879 758 2921 sum
781 2868 841 2934 tua,

80 2943 219 3021 extingue
242 2943 370 3003 flammas
394 2945 506 3023 pectori
529 2944 633 3005 infixas
655 2963 731 3005 meo.

78 3027 126 3087 cui
151 3046 232 3089 nuuc
253 3045 341 3106 vagor
363 3026 511 3089 vaesana‘l
532 3028 592 3103 cui
614 3028 743 3091 bacchor
765 3025 892 3090 furens‘l

79 3112 135 3172 iam
158 3112 246 3172 Troia
270 3112 375 3173 cecidit
397 3147 439 3156 -
461 3113 532 3174 falsa
556 3114 626 3192 quid
647 3122 727 3176 vates
749 3111 828 3193 agol

163 3197 217 3256 Vbi
239 3195 328 3258 surn‘l
366 3197 442 3275 fugit
463 3199 514 3259 lux
536 3198 612 3260 alma
635 3208 663 3259 et
686 3200 825 3262 obscurat
847 3216 937 3276 genas

79 3300 138 3341 nox
160 3283 216 3342 alta
239 3291 268 3342 et
289 3282 389 3343 aether
413 3281 529 3344 abditus
551 3283 682 3346 tenebris
703 3284 782 3346 latet.

78 3366 130 3426 sed
154 3385 222 3427 ecee
247 3367 364 3444 gemino
387 3357 450 3428 sole
472 3368 638 3448 praefulget
660 3370 723 3431 dies

77 3451 291 3529 geminumque
314 3451 448 3531 duplices
471 3454 565 3531 Argos
588 3454 694 3515 attollit
716 3454 831 3514 domus.

162 3587 211 3638 693
232 3584 319 3650 diripis
331 3586 356 3636 A
407 3587 458 3637 694
471 3585 730 3637 Cassandruedctur
741 3586 772 3637 Ε.
790 3614 824 3624 -
842 3599 949 3652 superos
962 3585 1052 3636 reorA
1104 3588 1152 3639 695

77 3651 159 3704 omnis
177 3652 202 3702 Ε
261 3655 310 3705 tot
329 3653 454 3704 exhaustu
472 3653 501 3702 Ε.
527 3652 680 3720 —regiam
698 3669 733 3706 ιιι.
757 3653 825 3706 senis
843 3655 868 3705 A
934 3655 984 3706 703
1001 3667 1108 3705 vacuam
1128 3656 1154 3707 A

76 3723 127 3772 704
144 3720 277 3771 lachenam
296 3720 321 3771 Ε
385 3723 435 3772 tto
453 3720 553 3786 phoeba
572 3720 597 3771 Ε
653 3724 701 3773 715
720 3722 829 3774 immites
848 3721 924 3774 codd.
944 3724 1055 3772 correct
1103 3725 1151 3775 717

76 3788 225 3840 reluctantis
244 3789 268 3838 Ε
336 3790 385 3840 727
405 3787 497 3840 abditis
516 3794 536 3852 ς
606 3790 655 3841 779
673 3789 797 3850 adfertur
815 3791 848 3840 ab
863 3789 1003 3840 Aldfrelmo
1022 3789 1054 3839 de
1070 3796 1154 3856 septe·

75 3859 156 3907 curio
177 3855 213 3907 ad
229 3857 352 3907 Ariciam
370 3871 460 3921 regem
477 3858 517 3921 (in
535 3857 592 3907 Mai
610 3862 688 3910 etass.
705 3862 775 3908 auct
790 3855 819 3908 V
829 3873 857 3926 p.
876 3857 938 3925 588)
955 3856 980 3908 ‘d
997 3856 1080 3909 littera
1098 3858 1154 3909 itrt

76 3928 267 3976 transmutatur.
291 3929 320 3976 ut
334 3925 358 3975 L.
370 3924 489 3976 Annaeus
502 3924 598 3977 Seneca
610 3925 637 3979 fn
646 3929 728 3976 'sexto
740 3924 869 3978 volumine
883 3930 1029 3986 tetrametro
1046 3925 1153 3995 brachy-

75 3993 201 4044 catalecto
220 3992 256 4043 sic
274 3992 323 4043 ait:
342 3993 520 4077 geminumque
536 4021 554 4030 —
565 3992 664 4045 domhs.
693 3998 720 4046 et
736 3993 852 4058 iufrafo.
871 3989 950 4061 7875.
968 4022 1002 4034 ·-
1019 3992 1109 4046 domos
1128 3995 1154 4045 A
