2580 4366
110 189 173 251 324
494 205 523 245 n.
544 203 650 244 murex
671 203 798 246 sacrorn

111 369 232 439 raptura
254 357 385 418 flammas
407 355 497 434 pinus
520 362 550 415 ct
572 353 665 414 robur
685 363 772 417 tenax

112 453 142 506 61
162 440 280 505 brevior
302 441 360 503 ilex
382 439 467 515 silva3
491 440 543 500 sed
567 439 695 519 complet
717 456 822 517 rogum

112 531 241 610 populea
263 527 343 602 silva,
366 526 472 587 frontis
496 524 659 586 Herculeae
681 524 781 586 decue.

112 613 222 686 atille,
244 620 278 672 ut
299 613 407 692 ingens
428 626 551 672 nemore
573 610 629 670 sub
652 607 829 671 Nasamonio

112 716 201 778 aegro
224 697 344 758 reclinis
366 703 488 776 pectore
510 693 646 774 immugit
667 692 724 770 leo,

112 784 272 844 fertur-
295 783 362 863 quis
385 781 468 842 illum
491 780 590 841 credat
613 778 648 839 ad
670 780 800 842 flammas
822 778 912 862 rapi?

112 867 209 930 voltus
231 868 360 947 petentis
381 875 468 942 astra,
491 883 553 926 non
576 864 661 942 ignes
683 874 754 940 erat,

113 961 147 1014 ut
168 954 277 1033 pressit
299 953 393 1014 Oeten
417 971 450 1013 ac
473 948 535 1011 suis
558 950 653 1011 oculis
675 967 781 1030 rogum

112 1038 248 1100 lustravit
270 1056 398 1099 omnem.
442 1035 532 1114 fregit
552 1033 709 1114 impositus
730 1036 839 1097 trabes.

114 1141 201 1184 arcus
223 1121 371 1205 poposcit.
416 1121 527 1201 ‘accipe
548 1119 630 1181 hacc’
652 1119 760 1199 inquit,
784 1127 855 1183 ‘sate

113 1208 253 1283 Poeante,
277 1208 354 1269 dona
377 1215 406 1268 et
428 1224 539 1267 munus
561 1203 679 1266 Alcidae
702 1224 783 1286 cape.

114 1293 167 1354 iras
188 1292 279 1372 hydra
302 1292 405 1368 sensit,
427 1290 474 1352 his
496 1291 593 1352 iacent
615 1289 830 1370 Stymphalides

116 1385 146 1438 et
168 1376 313 1456 quidquid
335 1376 414 1438 aliud
437 1375 553 1437 eminus
576 1374 631 1436 vici
654 1375 773 1436 malum.

115 1461 270 1524 lvictrice
292 1461 372 1538 felix,
394 1461 518 1536 iuvenis,
541 1459 595 1521 has
617 1478 779 1540 numquam
801 1461 900 1525 irritas

114 1547 212 1608 mittes
234 1549 265 1609 in
289 1548 420 1623 hostem;
444 1546 504 1608 sive
527 1545 562 1607 de
584 1544 680 1606 media
701 1545 781 1607 voles

116 1632 233 1694 auferre
256 1632 390 1693 volucres
412 1632 502 1707 nube,
525 1630 707 1692 descendent
729 1650 795 1692 ares

116 1725 146 1779 et
168 1725 247 1779 certa
270 1717 397 1798 praedae
418 1716 476 1778 tela
498 1717 534 1777 de
556 1715 636 1777 caelo
658 1715 761 1790 fluent,

117 1821 173 1864 nec
195 1801 274 1865 fallet
297 1821 438 1883 umquam
461 1802 607 1863 dexteram
632 1800 680 1861 hic
701 1818 788 1862 arcus
809 1810 905 1864 tuam:

116 1887 224 1949 librare
245 1886 303 1949 tela
325 1887 427 1949 didicit
449 1895 479 1948 et
502 1894 611 1947 certam
634 1886 703 1947 dare

116 1973 217 2052 fugam
239 1972 362 2052 sagittis
385 1973 449 2051 ipsa
471 1990 532 2033 non
556 1970 662 2031 lallunt
683 1970 740 2031 iter

116 2058 224 2119 emissa
246 2076 337 2119 nervo
359 2057 432 2131 tela;
454 2067 488 2118 tu
511 2064 625 2118 tantum
647 2073 754 2135 precor

117 2143 305 2205 accommoda
327 2142 411 2220 ignes
434 2151 463 2203 et
483 2141 578 2203 lacem
601 2148 758 2202 extremam
782 2140 863 2202 milri.

117 2226 168 2287 hic
190 2228 295 2288 nodus'
318 2227 416 2307 inquit
438 2226 528 2289 ‘nulla
552 2244 639 2306 quem
662 2225 742 2305 oepit
763 2244 877 2301 manus,

117 2330 235 2373 mecum
258 2330 312 2392 per
333 2311 419 2390 ignes
441 2314 558 2391 flagrem
581 2311 639 2371 hoo
661 2310 753 2371 telum
777 2310 936 2372 Herculem

117 2404 233 2457 tantum
256 2406 407 2475 sequetur.
451 2398 509 2458 hoc
531 2414 651 2476 quoque
673 2396 833 2477 acciperes'
856 2397 896 2457 ait

119 2480 156 2542 ‘si
177 2480 256 2542 ferre
278 2499 392 2561 posses.
436 2482 553 2543 adiuvet
574 2480 688 2542 domini
710 2481 835 2560 rogum!
857 2554 861 2558 .

119 2573 182 2626 tum
206 2565 298 2645 rigida
321 2584 422 2627 secum
444 2567 539 2647 spolia
560 2565 697 2627 Nemeaei
719 2565 787 2627 mali

120 2668 222 2713 arsura
244 2650 356 2731 poscit3
380 2650 464 2714 latuit
486 2652 517 2713 in
539 2651 636 2732 spolio
658 2668 758 2730 rogus.

120 2735 265 2816 ingemuit
287 2735 384 2797 omnis
406 2738 492 2798 turha
514 2755 570 2798 neo
592 2736 727 2797 lacrimas
754 2735 838 2797 dolor

120 2821 259 2901 cuiquam
281 2821 404 2883 remisit.
448 2829 542 2884 mater
563 2820 595 2880 in
617 2821 731 2882 luctum
752 2821 856 2882 furens

121 2906 234 2967 diduxit
256 2905 372 2968 avidum
394 2916 500 2987 pectus
522 2913 611 2985 atque
634 2914 720 2968 utero
742 2916 829 2968 tenus

210 3059 275 3109 1639
294 3057 361 3123 rapit
378 3056 429 3108 alta
452 3057 569 3107 flammas
587 3056 612 3106 A
635 3055 752 3122 rapitque
770 3056 796 3108 ss.
815 3060 834 3121 ς
860 3055 971 3122 rapitura
989 3055 1017 3107 11.
1037 3056 1063 3108 Ε
1083 3062 1201 3112 correxit

122 3124 157 3176 N.
175 3126 301 3176 Heinsius
320 3125 379 3176 odo.
396 3141 423 3190 p.
441 3123 493 3178 299
551 3127 616 3177 1640
635 3124 699 3176 silva
717 3124 832 3176 contexit
849 3138 939 3192 pyram
953 3123 983 3173 *A
1000 3124 1068 3177 silva
1088 3143 1119 3180 se
1137 3142 1200 3181 com

122 3192 177 3259 plat
194 3208 257 3260 rogo
275 3192 300 3243 Ε
318 3196 438 3244 corraei!
455 3192 568 3244 Boetius
586 3194 645 3258 (qui
661 3195 770 3258 arrepsit
787 3194 875 3258 rogos)
941 3194 1005 3245 1641
1026 3191 1200 3249 1166616161-

122 3261 210 3313 661666
229 3261 356 3325 (esculeae
370 3263 400 3326 ς)
418 3275 507 3313 nemus
524 3260 575 3311 ΑΕ
593 3263 715 3311 correxit
731 3257 765 3312 N.
779 3261 905 3312 1166666166
923 3260 941 3311 l.
957 3275 979 3311 r.
1039 3264 1111 3317 1642
1129 3276 1201 3317 nassa

121 3329 208 3381 monio
220 3328 245 3379 Ε
300 3332 364 3383 1643
384 3343 459 3396 agere
471 3327 610 3381 reclinis&
628 3342 703 3395 aeger
715 3327 803 3380 reclivi
815 3328 840 3379 A
858 3331 975 3381 corraei.
993 3356 1030 3365 —
1048 3329 1201 3400 admugitA

125 3398 323 3451 164361661Α
377 3399 441 3450 1641
460 3411 549 3449 ornnes
567 3397 592 3447 A
646 3398 711 3449 1648
729 3410 868 3464 arcumque
887 3396 970 3464 poscit
986 3396 1013 3446 A
1066 3401 1202 3453 1650sen·

122 3465 158 3517 sit
175 3481 210 3516 aa·
227 3464 305 3517 sentit
324 3467 339 3517 1
349 3480 383 3517 m.
402 3465 427 3516 Ε
497 3467 563 3518 1652
581 3464 686 3516 victrice
698 3463 714 3516 1.
733 3463 757 3514 Ε
775 3466 874 3517 victure
891 3463 960 3518 felix.
988 3463 1036 3516 has
1049 3468 1122 3520 enim
1134 3483 1202 3520 num-

124 3548 201 3600 quam
219 3533 302 3585 irritas
320 3533 346 3584 A
363 3532 457 3586 virtute
475 3533 493 3588 1.
510 3537 530 3599 ς
552 3535 684 3583 oenomao
702 3531 808 3583 videtur
828 3549 879 3599 per
896 3533 951 3584 sire
968 3534 1103 3587 16661616
1122 3537 1202 3598 fodra

123 3604 155 3665 (a.
171 3617 201 3667 g,
218 3601 273 3654 sive
291 3601 341 3654 eris
358 3600 386 3652 in
402 3601 467 3665 acie)
538 3604 603 3655 1663
622 3599 710 3653 hortm
727 3600 760 3652 A.
779 3629 813 3640 -
831 3601 853 3654 si
873 3600 905 3652 de
922 3600 947 3651 Ε
964 3599 987 3652 si
1003 3601 1048 3653 vel
1066 3616 1081 3654 6
1101 3603 1202 3656 Batos

124 3672 189 3724 1666
208 3667 337 3737 praedali
353 3669 506 3736 praedamA
519 3671 639 3721 66666614
649 3667 808 3721 Gronovius.
826 3697 859 3707 -
878 3668 959 3721 ferent
976 3668 1002 3719 A
1075 3673 1145 3726 1659
1157 3671 1204 3724 tela

123 3752 202 3789 nervo
220 3737 245 3787 Ε
290 3740 355 3790 1660
374 3736 511 3790 accomoda
528 3737 613 3804 ignem
630 3735 656 3788 Ε
706 3739 769 3791 1661
790 3737 874 3804 capiet
889 3738 915 3788 A
968 3738 1037 3791 1661
1054 3752 1103 3804 per
1120 3741 1204 3808 ignem

123 3807 143 3869 ς
160 3804 311 3870 ρ6116661ς.
328 3833 362 3843 -
379 3805 428 3858 hoc
445 3806 525 3858 telum
542 3819 636 3872 sequar
650 3807 766 3872 (sequax)
778 3805 804 3857 A
857 3807 922 3860 1663
941 3818 1000 3856 nam
1018 3820 1065 3858 cur
1083 3815 1206 3876 sequatur

122 3873 264 3938 (sequetur)
283 3873 317 3924 A.
334 3901 369 3913 -·
386 3874 454 3928 huno
471 3874 496 3924 A
550 3876 615 3927 1664
633 3872 760 3939 regumE
813 3877 878 3928 1663
896 3873 995 3926 nemaei
1013 3872 1066 3926 ΕΑ
1084 3880 1206 3930 eor-rexit

123 3939 257 3991 Aventius
317 3943 382 3994 1669
400 3941 505 3994 deduxit
522 3941 555 3993 Ε.
572 3970 605 3979 -
622 3940 725 3992 aridum
743 3957 778 3992 aar
795 3940 871 3994 avido
890 3944 904 3994 1
913 3957 948 3993 m.
967 3940 992 3991 Ε
