2580 4366
573 235 704 280 Plinnena

187 383 249 446 Nec
270 405 317 447 me
339 385 425 464 sugit,
449 403 536 464 quam
558 385 652 448 durus
673 395 703 448 et
724 388 785 449 veri
807 389 941 452 insoleus

103 471 138 533 ad
160 479 240 532 recta
263 471 339 533 flecti
362 469 464 549 regius
486 470 561 532 nolit
583 478 691 533 tumor.

102 573 322 636 quemcumque
344 555 458 617 dederit
480 555 589 617 exitum
612 575 697 618 casus
720 557 829 620 ieram:

101 643 209 703 fortem
232 640 301 702 facit
322 640 417 702 vicina
439 640 559 703 libertas
581 659 692 703 senem.

187 725 318 787 Honesta
339 725 468 806 primum
492 734 537 788 est
558 726 631 787 velle
653 746 709 788 nec
730 726 788 788 labi
810 729 864 803 ria,

102 810 200 892 pudor
223 821 268 873 est
290 810 440 873 secundus
463 829 552 872 nosse
574 811 718 891 peccandi
740 813 871 874 modum.

102 915 173 976 qno,
196 897 312 972 misera,
335 893 460 976 pergis?
483 896 554 977 quid
577 896 697 958 domum
720 898 861 959 infamem
884 917 1023 978 aggravas

102 1000 286 1061 superasque
308 978 454 1042 matrem?
476 981 572 1042 maius
595 990 639 1043 est
661 991 796 1044 monstro
819 985 918 1046 nefas:

102 1085 171 1127 nam
194 1074 326 1128 monstra
349 1067 418 1141 sato,
440 1066 575 1128 moribus
597 1067 709 1128 scelera
731 1068 869 1148 imputes.

103 1152 138 1226 si,
162 1151 241 1230 qnod
264 1153 388 1212 maritus
410 1170 518 1231 supera
540 1171 602 1213 non
625 1151 721 1213 cernit
744 1152 819 1229 loca,

102 1245 200 1299 tutum
223 1256 287 1298 esse
309 1237 424 1297 facinus
447 1236 544 1298 credis
566 1244 595 1298 et
616 1255 741 1299 vacuum
763 1249 854 1315 metu,

103 1339 199 1397 erras;
222 1321 319 1382 teneri
342 1322 428 1382 crede
449 1321 578 1383 Lethaeo
600 1322 731 1384 abditum

102 1406 215 1468 Thesea
238 1406 387 1486 profundo
411 1416 440 1467 et
461 1407 539 1467 serre
561 1415 734 1486 perpetuam
757 1409 861 1488 Styga:

101 1491 174 1570 quid
196 1491 255 1565 ille,
278 1491 336 1552 lato
359 1491 449 1552 maria
471 1491 523 1570 qni
545 1510 639 1570 regno
662 1493 772 1572 premit

102 1575 282 1656 populisque
304 1576 401 1637 reddit
423 1576 487 1637 iura
510 1577 653 1652 centenis,
676 1574 782 1656 pater?

102 1661 194 1722 latere
216 1669 331 1723 tantum
353 1661 468 1722 facinus
492 1660 641 1721 occultum
664 1659 762 1722 sinet‘l

103 1764 190 1824 sagax
212 1757 369 1825 parentum
392 1753 437 1806 est
459 1763 539 1806 cura.
584 1746 738 1806 credamus
760 1756 858 1808 tamen

103 1838 167 1891 astu
191 1831 318 1910 doloque
340 1839 441 1909 tegere
464 1848 519 1890 nos
541 1837 655 1891 tantum
677 1831 776 1892 nefas:

103 1915 174 1994 quid
197 1915 245 1976 ille
268 1915 357 1976 rebus
379 1916 479 1977 lumen
503 1914 665 1976 infundens
686 1934 773 1976 sunm

102 2000 204 2060 matris
226 1998 357 2081 parens‘.l
380 2000 451 2079 quil
474 2000 523 2060 ille
545 1999 596 2080 qni
618 1999 764 2061 mundum
787 2001 880 2081 quatit

100 2083 218 2146 vibrans
242 2103 365 2147 corusca
386 2084 500 2146 fulmen
524 2086 686 2156 Aetnaeum
707 2103 809 2161 mann,

100 2180 181 2231 sator
203 2167 349 2231 deorum?
372 2171 467 2231 credis
490 2170 547 2230 hoc
570 2188 657 2249 posse
680 2171 767 2245 effici,

99 2256 179 2315 inter
199 2255 332 2315 videntes
356 2255 454 2317 omnia
477 2263 509 2316 ut
531 2255 620 2316 lateas
642 2253 732 2316 aros‘l

100 2339 152 2400 sed
175 2347 208 2401 ut
230 2340 379 2401 secundus
402 2340 559 2401 numinum
582 2339 743 2401 abscondat
765 2341 846 2402 lavor

100 2424 196 2486 coitus
218 2425 363 2486 nefandos
385 2433 478 2503 utque
501 2425 653 2503 contingat
674 2434 778 2505 stupro

100 2517 205 2587 negata
226 2510 341 2589 magnis
363 2508 525 2570 sceleribus
547 2528 665 2590 semper
686 2511 775 2572 fides:

101 2594 171 2672 quid
195 2613 291 2674 poena
313 2613 453 2674 praesens
476 2595 614 2656 conscius
635 2595 745 2657 mentis
767 2614 857 2674 pavor

101 2679 277 2759 animusque
300 2680 386 2759 culpa
408 2679 516 2759 plenus
539 2687 568 2740 et
590 2688 683 2740 semet
703 2679 834 2742 timens?

100 2763 198 2825 scelus
221 2765 318 2845 aliqua
340 2772 447 2840 tutum,
470 2764 551 2825 nulla
576 2783 715 2826 securum
738 2765 815 2826 tulit.

101 2867 258 2929 compesce
279 2850 387 2909 amoris
409 2849 492 2928 impii
514 2848 654 2923 flammas,
677 2867 794 2928 precor,

101 2934 243 3013 nefasque
266 2934 343 3013 quod
368 2953 429 2995 non
451 2933 510 2994 ulla
532 2934 619 2996 tellus
640 2933 762 2995 barbara

101 3019 249 3079 commisit
270 3037 420 3098 umquam,
444 3036 504 3079 non
527 3020 591 3096 vagi
614 3020 724 3099 campis
747 3020 836 3080 Getae

102 3122 158 3163 nec
181 3103 367 3183 inhospitalis
389 3104 505 3165 Taurus
528 3113 579 3165 aut
599 3121 720 3184 sparsus
743 3104 881 3189 Scythch

101 3187 215 3268 expelle
236 3189 351 3249 lacinus
372 3197 473 3249 mente
495 3188 627 3251 castifica
643 3189 795 3250 horridum

100 3291 275 3352 memorque
296 3274 398 3334 matris
420 3279 519 3334 metue
541 3273 719 3335 concubitus
742 3291 843 3334 novos.
1130 3284 1174 3334 tro

101 3358 226 3418 miscere
248 3357 390 3420 thalamos
412 3358 504 3437 patris
527 3367 556 3419 et
576 3358 637 3420 nati
660 3376 785 3437 apparas

147 3570 153 3579 '
191 3564 247 3614 138.
267 3563 314 3613 139
332 3555 471 3608 Phaedrae
488 3564 553 3609 sunt
568 3558 619 3609 ΕΑ
637 3574 707 3609 corr.
725 3562 744 3623 ς
762 3558 861 3622 (Delra'i
876 3557 1062 3623 moguntinus)
1125 3560 1173 3612 140

101 3643 152 3680 non
165 3629 215 3680 ista
226 3643 264 3696 pr.
274 3629 299 3679 Ε
311 3628 432 3679 correxit
442 3624 477 3677 Ν.
487 3627 611 3678 Heinsius
623 3626 669 3690 (cs.
681 3625 807 3691 Gronov.)
825 3625 927 3679 obstare
944 3640 982 3692 pr.
996 3625 1020 3676 A
1056 3628 1104 3679 141
1119 3641 1174 3694 gra·

100 3711 147 3748 ras
165 3697 191 3747 A
244 3700 290 3749 141
311 3711 332 3748 e.
352 3697 435 3745 tameo
454 3697 482 3744 tn
500 3709 535 3746 cr.
552 3695 578 3745 A
631 3696 679 3747 148
697 3694 761 3761 prol.
779 3694 845 3747 ferre
861 3699 1010 3760 perpetuam
1028 3697 1131 3762 stygem
1148 3696 1174 3746 A

101 3765 206 3830 pretet
223 3765 281 3845 ferri
299 3765 421 3832 perpetua
432 3762 459 3814 in
477 3765 553 3830 styga
565 3762 591 3813 n
608 3763 689 3828 (inter
707 3777 722 3814 a
740 3762 806 3846 sinin
817 3779 870 3814 ros.
881 3761 941 3814 2m.
953 3763 1027 3825 facto
1036 3762 1062 3813 Ε
1079 3767 1105 3843 et
1119 3762 1173 3843 ipre

100 3829 662 4032 (1111111111111111111111111
671 3829 949 3967 lustrale
963 3834 1026 3949 13⁵⁵
1036 3829 1174 3966 llll?

111 3984 188 4036 gneo
205 3987 240 4025 m.
258 3985 310 4021 rec.
