2602 4380
452 207 488 249 nu
511 205 672 249 raucorum
695 207 864 250 nueronrcx.
1118 195 1196 256 aab

120 356 152 418 in
176 356 318 434 Aegistho
341 357 499 435 repetierat
520 360 600 434 (nam
624 357 693 419 dcci
716 357 856 436 Aegistho
881 366 1087 435 argumentum
1111 360 1195 421 Elec-

120 450 184 502 trae
213 441 379 503 subiectum
406 442 499 502 luisse
528 443 669 517 videtur),
698 441 845 521 Thyesten
869 442 1000 518 Ennius,
1031 444 1138 506 Accius
1164 445 1194 505 in

119 528 210 587 Atreo
234 534 263 587 et
285 526 399 600 Varius,
422 526 551 588 Troadas
568 527 673 587 Accius
697 535 726 586 ct
748 528 871 588 tortasse
894 527 1009 589 Ennius
1032 528 1063 590 in
1079 530 1195 590 Andro·

120 611 223 672 macba
247 611 482 685 Aecbmalotide‚
511 611 641 672 Medeam
665 611 781 672 Ennius
804 612 910 672 Accius
934 610 1069 685 Ovidium
1099 614 1195 676 Phoe·

120 695 218 756 nissae
241 703 271 756 et
285 695 442 757 Herculem
460 696 601 757 Oetaeum
623 696 672 757 hic
694 704 858 774 praetereo.
896 697 993 758 omnia
1017 717 1084 759 vero
1107 717 1195 777 argu·

118 789 219 841 menta
246 781 301 842 ista
330 800 393 842 eam
422 780 459 841 ob
489 799 606 842 causam
629 782 771 842 Senecam
800 780 856 842 sibi
879 781 1003 859 elegisse
1025 792 1105 862 patet
1127 783 1195 862 quia

118 866 149 925 in
173 864 232 925 illis
247 865 355 926 summi
370 865 502 940 affectus,
525 884 607 926 amor
622 866 665 927 ira
681 865 774 938 dolor,
793 876 823 926 et
850 866 1030 928 atrocissima
1052 868 1194 944 facinora,

117 949 276 1029 parricidia
299 958 329 1012 et
352 949 493 1024 incestus,
517 950 628 1031 ubique
650 950 747 1011 locum
772 958 914 1013 tenerent.

204 1034 277 1096 baec
295 1042 396 1097 autem
416 1035 634 1114 tragoediarum
658 1042 830 1114 argumenta
854 1036 961 1099 intacta
985 1046 1017 1098 ut
1039 1055 1055 1096 a
1075 1035 1194 1099 Graecis

115 1131 238 1199 accepta
266 1128 367 1195 erant,
394 1121 504 1182 servari
534 1120 590 1182 iam
619 1138 681 1182 non
709 1139 786 1200 opus
815 1130 886 1183 erat.
931 1120 1047 1182 namsi
1073 1129 1194 1182 externa

116 1204 206 1265 mode
227 1205 300 1266 artis
314 1213 478 1284 praecepta
501 1213 690 1282 tenerentur,
719 1205 793 1267 nibil
819 1206 875 1266 iarn
898 1206 1039 1268 intererat
1061 1205 1139 1268 inter
1161 1225 1193 1268 se

115 1289 216 1351 omnia
238 1291 296 1353 rite
317 1290 494 1366 cohaerere,
516 1308 717 1369 ¹personarum
745 1290 929 1369 singularum
952 1309 1049 1352 mores
1071 1300 1193 1371 actaque

115 1383 199 1437 recte
220 1383 251 1436 et
272 1384 444 1437 constanter
467 1375 623 1454 explicari,
651 1375 724 1436 nibil
749 1375 879 1455 denique
900 1376 947 1454 agi
970 1376 1051 1454 quod
1072 1395 1134 1438 non
1157 1394 1193 1436 ex

113 1460 298 1523 necessitate
319 1460 444 1538 quadam
466 1462 584 1521 evenire
607 1459 763 1522 videretur.
801 1461 856 1521 iam
875 1479 1024 1523 summurn
1040 1461 1191 1539 negotium
1259 1486 1263 1496 ·

114 1554 178 1607 erat
206 1544 250 1606 sic
279 1547 378 1607 omnia
407 1545 582 1607 contrahere
611 1553 639 1606 et
666 1545 844 1624 amplificare
872 1553 905 1606 ut
933 1564 1019 1625 quam
1044 1545 1192 1607 uberrima

112 1629 299 1691 declamandi
319 1630 507 1693 describendi
529 1629 687 1691 altercandi
710 1631 830 1692 materia
853 1639 882 1692 et
904 1631 987 1692 locus
1009 1638 1190 1710 suppeteret.

113 1716 215 1793 itaque
236 1714 311 1776 lecta
330 1715 431 1793 graeei
447 1723 552 1794 poetae
568 1714 660 1777 nobili
675 1712 772 1776 fabula
789 1733 892 1776 novam
908 1734 963 1775 suo
981 1733 1062 1775 more
1079 1715 1191 1777 Seneca

112 1799 284 1879 compesuit
306 1818 360 1861 suo
384 1799 538 1879 proposito
553 1800 771 1861 inservientem.
814 1808 847 1860 ut
862 1817 918 1860 nec
933 1799 970 1860 de
984 1799 1120 1860 versione
1136 1818 1191 1860 nec

113 1885 149 1944 de
172 1885 336 1946 imitatione
359 1884 440 1963 loqui
464 1885 571 1965 possis,
593 1885 644 1946 sed
667 1885 703 1945 de
726 1885 923 1962 redintegrata
949 1882 1078 1945 eiusdem
1101 1901 1190 1963 argu·

113 1970 207 2030 menti
236 1969 420 2039 tractatione.
472 1971 529 2030 boc
557 1969 705 2048 quomodo
736 1970 767 2031 in
797 1968 922 2048 singulis
950 1969 1059 2030 lactum
1089 1969 1126 2030 sit
1154 1987 1189 2030 eo

112 2053 297 2119 luculentius
318 2055 516 2116 demonstrari
530 2054 640 2134 poterit
654 2072 713 2133 quo
730 2054 840 2115 certius
856 2054 891 2114 de
907 2052 1090 2132 singularum
1106 2052 1191 2114 labu-

111 2140 211 2200 larum
229 2138 450 2218 exemplaribus
467 2139 626 2201 constabit:
651 2159 708 2218 qua
724 2139 807 2200 dere
823 2139 999 2219 plerumque
1016 2156 1076 2199 non
1093 2147 1190 2218 potest

112 2224 355 2299 dubitationem,
379 2225 409 2285 iu
433 2225 535 2304 paucis
554 2224 730 2304 explicatius
753 2225 964 2304 disputandum
987 2223 1051 2284 erit.
1129 2275 1136 2286 .

129 2423 220 2463 raeces
236 2409 294 2475 ipse
309 2407 415 2461 linxisse
433 2406 541 2469 videtur,
564 2413 593 2458 ut
609 2407 837 2475 Epiuausimaehen
856 2407 1041 2476 Nyctegresien
1059 2405 1189 2458 Thebaida

110 2425 251 2529 §testantes
269 2478 367 2542 (contra
378 2475 539 2528 Welclrerum
557 2491 583 2543 p.
596 2477 715 2539 lldtbet
732 2475 838 2527 sortasse
850 2475 980 2536 llellenas3
1001 2479 1029 2526 ut
1047 2474 1089 2540 qui
1102 2473 1189 2526 Didas-

110 2544 190 2596 calica
208 2542 370 2613 Pragmatica
388 2542 520 2595 Praxidica
544 2542 672 2609 scripserit
693 2547 719 2594 et
736 2557 826 2608 graeca
845 2543 972 2610 quaelibet
989 2547 1050 2593 tunc
1069 2543 1190 2608 temporis

109 2612 233 2663 Romanis
252 2624 280 2664 se
298 2610 463 2679 probaturum
482 2625 539 2663 esse
562 2611 655 2663 scierit.
691 2609 754 2662 haec
778 2610 967 2676 poenitentum
986 2609 1043 2675 qula
1063 2624 1190 2676 exponere

108 2681 217 2747 longum
235 2684 298 2731 erat.
335 2679 401 2731 addo
418 2679 450 2733 de
468 2680 638 2730 Romanorum
656 2678 799 2744 tragoedia,
818 2683 943 2745 quatenus
961 2676 1062 2744 quidem
1081 2691 1095 2728 a
1113 2677 1189 2731 Grae.

107 2760 199 2801 corum
217 2747 336 2814 vestigiis
355 2747 508 2812 discesserit,
526 2762 557 2799 ex
576 2747 636 2799 artis
654 2746 825 2799 monumentis
844 2744 906 2797 nibil
925 2745 988 2798 disci
1006 2759 1091 2812 posse.
