2580 4366
72 256 74 259 -
104 205 169 270 206
489 226 518 269 ι.
540 225 646 267 tunam
667 225 794 268 sunnone

108 395 173 436 ono.
239 376 403 455 Superesse
425 394 516 454 quare
538 377 677 438 traditum
699 375 844 456 infantem
866 376 981 456 negas?

106 479 191 521 anon.
236 461 360 522 Ferrum
381 479 437 541 per
457 461 560 523 ambos
580 468 671 523 tenue
692 468 872 522 transactum
893 463 985 542 pedes

107 546 215 623 ligabat
237 553 328 620 artus,
351 546 467 607 vulneri
489 547 610 609 innatus
631 554 731 607 tumor

107 631 222 710 puerile
244 630 329 691 foeda
351 649 461 710 corpus
483 631 588 693 urebat
611 631 686 693 lues.
1035 695 1040 716 ‚

108 733 175 775 ono.
241 715 318 786 Quid
340 716 459 794 quaeris
480 714 581 777 ultra?
614 718 669 777 tnta
691 715 750 776 iam
772 715 917 776 accedunt
937 734 1045 796 prope.

107 801 176 879 quis
198 799 289 862 fuerit
310 801 408 862 infans
431 801 531 862 edoce.
575 819 660 862 rnoa.
704 800 845 862 Prohibet
865 801 948 862 ddes.

108 903 175 944 oro.
241 880 307 946 Huc
329 885 435 966 aliquis
456 885 572 964 ignem!
602 886 718 947 flamma
740 886 796 957 iam
819 886 947 947 excutiet
966 887 1067 949 fldem.

106 987 192 1029 enda.
236 970 294 1031 Per
317 978 375 1031 tam
397 979 536 1033 cruentas
557 989 625 1031 vera
648 978 830 1049 quaerentur
851 968 934 1032 vias?

107 1055 230 1132 ignosce
252 1073 372 1133 quaeso.
418 1074 484 1116 ono.
529 1055 561 1116 Si
583 1056 665 1117 ferus
687 1054 788 1117 videor
809 1055 863 1118 tibi

108 1147 138 1200 et
159 1139 317 1218 impotens,
339 1148 441 1220 parata
458 1141 586 1201 vindicta
609 1142 639 1201 in
662 1158 751 1201 manu
775 1151 834 1202 est:

109 1222 157 1284 dic
179 1241 246 1285 vera
267 1259 309 1269 -
343 1222 502 1303 quisnam?
531 1244 627 1304 quove
649 1233 807 1302 generatus
828 1222 934 1305 patre?

2 1339 7 1357 ι
109 1326 167 1387 qua
190 1306 446 1386 matregenitus‘i
491 1329 575 1371 raca.
621 1311 748 1388 coniuge
770 1318 815 1371 est
837 1309 956 1389 genitus
977 1316 1039 1371 tua.

108 1411 175 1453 ono.
220 1392 355 1469 Dehisce,
377 1394 474 1468 tellus,
497 1404 589 1474 tuque
611 1396 809 1459 tenebrarum.
823 1403 940 1475 potens,

107 1478 140 1538 in
163 1477 283 1540 Tartara
305 1478 373 1555 ima,
395 1488 494 1540 rector
514 1479 698 1552 umbrarum,
720 1497 792 1558 rape

108 1571 189 1624 retro
212 1581 344 1625 reversas
366 1563 484 1643 generis
506 1583 540 1624 ac
562 1565 664 1644 stirpis
685 1564 774 1625 vices.

108 1648 271 1726 congerite,
294 1648 382 1723 cives,
406 1667 473 1710 saxa
494 1649 526 1710 in
549 1649 703 1710 infandum
725 1659 824 1728 ceput,

107 1741 233 1794 mactate
255 1733 335 1795 telis:
359 1751 406 1795 me
428 1742 509 1814 petat
529 1735 610 1794 ferro
632 1752 751 1813 parcns,

108 1836 156 1878 me
179 1824 275 1894 natus,
298 1819 329 1879 in
350 1836 398 1880 me
420 1819 563 1897 coniuges
585 1826 701 1881 arment
721 1836 827 1880 manus

107 1903 282 1981 fratresque,
306 1910 336 1964 et
357 1921 444 1982 aeger
465 1905 595 1983 populus
618 1912 737 1984 ereptos
759 1904 840 1983 rogis

107 1986 253 2048 iaculetur
274 1988 368 2067 ignes.
413 1989 524 2049 saeculi
546 1989 659 2050 crimen
680 2006 779 2067 vagor,
800 2040 804 2048 ,

109 2072 211 2133 odium
232 2072 366 2150 deorum,
388 2073 462 2135 iuris
485 2073 606 2134 exitium
628 2074 714 2147 sacri,

109 2175 168 2236 qua
190 2156 257 2218 luce
280 2158 409 2237 primum
433 2156 556 2238 spiritus
578 2158 663 2220 hausi
684 2158 773 2219 rudes
818 2193 823 2206 ‹

107 2240 166 2302 iam
189 2249 284 2302 morte
307 2243 425 2321 dignus.
468 2243 559 2304 redde
580 2261 663 2305 nunc
685 2243 800 2303 animos
821 2242 839 2304 i
858 2260 950 2313 acres,

108 2345 196 2388 nunc
213 2326 324 2404 aliquid
345 2327 420 2389 aude
442 2327 604 2389 sceleribus
626 2327 749 2406 dignum
770 2328 840 2388 tuis.

108 2410 129 2485 i,
152 2428 254 2490 perge,
276 2430 406 2491 propero
427 2412 540 2489 regiam
563 2430 667 2490 gressu
689 2421 773 2492 pete:
799 2485 801 2490 ,

109 2504 224 2574 gratare
247 2497 332 2559 matri
354 2496 455 2558 liberis
478 2506 592 2558 auctam
616 2497 745 2557 domum.
796 2495 798 2498 ⁴

419 2646 568 2710 cHoavs

314 2765 384 2827 Fata
407 2766 431 2826 si
453 2767 540 2829 liceat
561 2766 634 2827 mihi

264 2851 377 2928 tingere
398 2850 520 2912 arbitrio
543 2869 620 2925 meo,

264 2944 427 3014 temperem
448 2936 577 3016 zephyro
599 2936 656 2997 levi

262 3020 335 3095 vela,
359 3039 396 3081 ne
418 3038 538 3100 pressae
561 3022 640 3100 gravi

263 3105 371 3184 spiritu
392 3113 540 3166 antennae
561 3114 703 3167 tremant:

196 3195 199 3204 “
263 3189 339 3250 lenis
361 3197 390 3251 et
412 3190 526 3252 modice
549 3191 646 3251 fluens

264 3292 334 3336 aura
357 3292 413 3336 nec
434 3292 559 3353 vergens
580 3274 657 3337 latus

110 3392 315 3402 *-

197 3459 246 3510 869
264 3457 306 3509 lue
323 3458 348 3508 A
416 3459 467 3511 866
488 3461 559 3509 senia
583 3463 622 3508 ert
639 3459 664 3509 A
733 3461 782 3512 863
806 3456 905 3524 Oedipo
929 3454 1014 3520 codd,
1038 3456 1206 3513 Phorbanti.

111 3524 224 3576 Bothiue
242 3526 323 3579 dedit.
347 3553 382 3563 -
405 3526 537 3593 quaerenti
559 3526 636 3580 codd.
659 3532 779 3576 correxit
800 3525 914 3577 Bothius
984 3527 1033 3578 864
1056 3524 1118 3590 (si-
1131 3526 1189 3590 tihi)

111 3598 137 3643 et
154 3595 204 3646 865
228 3594 376 3645 Phorbanti
397 3595 554 3645 tribuuntur
570 3594 596 3644 A
670 3597 721 3648 864
745 3608 852 3660 quaeror
874 3593 899 3643 Ε
981 3595 1030 3647 865
1053 3593 1116 3660 imp.
1138 3594 1188 3645 inm

109 3665 182 3727 parto
199 3661 225 3711 A
293 3664 343 3714 869
361 3660 379 3714 i.
397 3666 416 3713 t.
437 3662 500 3713 iram
518 3661 544 3712 Ε
612 3664 660 3714 871
680 3661 801 3714 infestum
817 3663 842 3714 A
910 3662 960 3714 878
978 3661 1078 3714 animos
1095 3677 1189 3730 parens

111 3728 137 3778 A
153 3741 228 3794 pares
245 3726 280 3782 N.
298 3730 424 3782 uenum
448 3730 507 3781 odo.
528 3745 557 3796 p.
580 3730 632 3782 179
654 3729 722 3782 ieros
741 3731 782 3781 vol
803 3734 889 3782 truces
905 3729 1084 3782 Buecheler-ue
1137 3731 1188 3785 886

111 3810 187 3848 cursu
204 3798 264 3864 pete
281 3798 307 3848 A
392 3794 440 3852 881
459 3802 535 3850 auctu
552 3797 629 3850 domo
647 3802 666 3862 ς
752 3800 801 3853 882
819 3801 948 3864 proprius
965 3813 1065 3864 vernn,
1083 3800 1135 3853 883
1153 3798 1190 3851 ad

109 3863 195 3982 ,quom
209 3867 318 3986 ‘quietior'
340 3881 432 3916 uorem
456 3867 580 3917 binorum
597 3865 718 3916 colorum
736 3865 761 3916 Ε
847 3869 894 3920 sat
913 3866 972 3918 leue
995 3865 1041 3919 sed
1060 3866 1189 3921 modicum

128 3946 192 3984 neos
