2602 4380
143 594 390 661 GVILELMVS
419 594 685 660 STVDEMVND
713 558 946 661 FRIDERIOO
975 594 1058 661 LEO
1088 595 1120 661 S.

180 782 327 853 Quoniam
359 800 465 842 nouam
489 781 619 842 Senecae
648 780 813 842 tabularum
835 782 1041 842 recensionem
1071 781 1169 842 denuo

96 867 269 930 examinatis
298 866 450 928 codicibus
478 866 539 927 lere
569 866 737 941 absoluisti,
769 864 850 926 nolui
880 884 981 926 carere
1012 866 1170 928 editionem

94 953 200 1029 Tuam,
224 951 274 1014 Vir
289 951 475 1027 Doctissime,
498 951 675 1015 lectionibus
690 950 801 1013 codicis
823 951 959 1031 rescripti
974 950 1170 1028 Ambrosiam,

96 1039 182 1100 cuius
204 1036 272 1097 libri
295 1037 493 1116 antiquissimi
515 1037 720 1116 apographum
743 1034 900 1097 Mediolani
923 1036 1048 1097 conieci.

181 1122 269 1183 Sacra
299 1123 445 1201 scriptura
474 1122 585 1183 codicis
614 1121 799 1183 Ambrosiani
822 1120 847 1182 G
871 1121 911 1184 82
940 1120 1053 1182 ordinis
1082 1139 1171 1201 supe-

98 1208 187 1268 rioris
209 1207 328 1268 saeculo
351 1216 385 1267 ut
401 1206 519 1268 uidetur
534 1215 641 1268 octauo
657 1207 760 1286 scripti
776 1205 912 1267 continet
924 1205 1017 1267 libros
1032 1215 1173 1286 quattuor

96 1292 210 1372 Regum
235 1292 274 1353 ita
296 1292 419 1368 diuisos,
443 1301 474 1353 ut
497 1293 611 1372 primus
634 1301 664 1352 et
686 1292 835 1353 secundus
858 1290 1066 1369 comprehensi
1090 1292 1171 1372 prio·

96 1395 169 1449 rem,
191 1377 296 1438 tertius
320 1387 349 1438 et
371 1384 494 1456 quartus
523 1378 591 1439 item
616 1376 823 1457 comprehensi
845 1376 1041 1455 posteriorem
1063 1376 1173 1438 librum

98 1463 238 1524 efficiant.
269 1462 345 1524 Vsus
362 1469 424 1523 erat
438 1462 474 1538 is,
498 1463 547 1541 qui
566 1481 667 1523 saeros
690 1460 869 1522 illos'libros
892 1460 1057 1539 descripsit,
1080 1479 1172 1523 mem-

98 1547 198 1608 branis
213 1567 248 1608 er
264 1547 366 1608 codiee
380 1547 518 1608 Plautino
534 1547 739 1625 antiquissimo
755 1546 875 1626 petitis>
895 1563 969 1624 quae
992 1564 1060 1606 cum
1075 1545 1173 1608 abluta

25 1633 28 1638 ’
98 1632 224 1711 pristina
246 1633 394 1713 scriptura
417 1632 577 1692 admodum
600 1641 704 1692 tenues
727 1633 818 1698 laetae
841 1641 958 1705 essent,
979 1648 1049 1710 pars
1072 1649 1173 1692 earum

99 1736 182 1779 sacro
212 1728 376 1780 atramento
406 1717 563 1778 accedente
597 1716 652 1777 iam
687 1717 752 1795 ipso
786 1715 904 1776 saeculo
939 1723 1044 1776 octauo
1073 1715 1174 1777 foedas

99 1813 198 1881 egerat
219 1804 318 1864 rimas.
363 1803 466 1882 ltaque
489 1802 592 1863 eodem
615 1802 732 1863 saeculo
757 1808 878 1874 octauo,
909 1818 975 1860 cum
999 1801 1172 1878 praesertim

99 1888 218 1949 madore
242 1908 275 1950 ae
298 1888 357 1950 situ
374 1906 434 1948 nou
450 1905 561 1967 paucae
576 1886 764 1948 membranae
787 1895 945 1964 corruptae
968 1893 1077 1959 essent,
1100 1884 1175 1947 alius

101 1973 219 2052 quidam
243 1973 432 2035 amanuensis
455 1972 516 2049 (uel
531 1971 579 2033 alii
596 1972 714 2051 quidam
730 1970 948 2045 amanuensesl·
962 1979 991 2031 et
1006 1988 1096 2049 supra
1112 1989 1173 2032 non

100 2077 212 2137 paucos
235 2076 341 2121 uersus
363 2056 559 2119 foraminibus
588 2056 794 2136 pessumdatos
816 2055 924 2129 uerba,
958 2054 1086 2134 quaein
1110 2057 1175 2136 ipso

101 2153 242 2206 contextu
265 2162 349 2205 sacro
372 2143 471 2204 minus
494 2141 648 2203 commode
671 2141 730 2221 legi
758 2159 846 2221 posse
868 2140 1059 2215 uiderentur,
1088 2160 1176 2222 repe·

101 2229 178 2304 tiuit,
201 2239 230 2289 et
252 2248 306 2309 pro
330 2237 397 2289 octo
421 2227 609 2302 membranis,
632 2245 708 2306 quae
724 2228 812 2289 nimis
827 2244 963 2304 magnam
985 2226 1079 2287 labem
1102 2245 1175 2289 con·

101 2322 266 2390 traxerant,
296 2332 390 2375 nouas
412 2313 565 2374 substituit
592 2313 699 2394 partim
722 2331 757 2374 ex
787 2312 890 2376 codice
920 2313 1045 2390 gotico¹)
1069 2315 1176 2393 partim

102 2418 137 2460 ex
151 2400 281 2461 Senecae
303 2399 520 2476 tragoediarum
543 2398 644 2460 codice
666 2398 781 2477 petitas.
811 2397 840 2459 ls
862 2397 913 2475 qui
936 2397 1054 2459 saeculo
1070 2407 1176 2460 octauo

103 2478 160 2545 hoc
182 2484 270 2545 modo
294 2484 434 2545 uolumen
459 2502 575 2545 sacrum
597 2483 766 2563 supplendo
788 2481 1021 2562 redintegrauit,
1045 2483 1080 2543 ad
1104 2502 1176 2565 sup-

103 2569 249 2648 plementa
273 2569 304 2629 in
328 2579 395 2630 octo
418 2569 476 2631 illis
497 2568 576 2630 foliis
599 2568 755 2630 scribenda
771 2586 844 2628 usus
860 2576 905 2627 est
927 2568 1091 2646 scripturae
1106 2569 1176 2629 cha·

102 2665 215 2717 ractere
228 2674 273 2728 eo,
290 2671 378 2732 quem
392 2655 651 2733 anglosaxonicurn
664 2671 773 2715 uocare
786 2653 1036 2728 consueuimus2),
1049 2670 1177 2732 eumque

103 2741 138 2800 ad
159 2750 297 2801 octauum
313 2739 463 2800 saeculum
480 2739 666 2801 referendum
691 2757 755 2800 esse
778 2739 864 2799 docet
886 2737 1026 2799 similium
1042 2739 1177 2800 codicum

104 2825 293 2904 comparatio.
324 2823 378 2884 Vbi
403 2825 494 2885 codex
510 2843 593 2885 sacer
607 2825 796 2904 conscriptus
819 2824 866 2898 sit,
890 2821 1056 2884 nescimus:
1080 2840 1178 2901 neque

105 2910 182 2971 enim
206 2917 288 2971 certo
310 2918 435 2984 constat,
459 2910 538 2970 unde
555 2910 586 2970 in
608 2909 816 2971 bibliothecam
832 2906 1054 2969 Ambrosianam
1068 2925 1178 2986 perue-

105 2996 192 3056 nerit.
221 2994 306 3055 Bobii
329 3013 397 3055 eum
421 2995 623 3074 conscriptum
646 3013 711 3056 esse
735 3002 764 3054 et
785 2993 876 3072 uulgo
906 2992 1030 3053 credunt
1059 3002 1088 3051 et
1109 2990 1179 3053 inde

105 3079 256 3158 probabile
284 3082 331 3154 fit,
362 3081 441 3159 quod
464 3081 538 3141 rude
565 3099 599 3141 ac
621 3096 725 3160 parum
749 3079 868 3156 elegans
890 3076 1057 3155 scripturae
1074 3093 1179 3153 genus,

105 3183 165 3243 quo
187 3164 254 3226 libri
277 3164 391 3243 Regum
414 3166 522 3226 exarati
541 3174 620 3240 sunt,
643 3180 852 3226 amanuensem
876 3180 937 3223 non
960 3158 1065 3220 ltalum
1087 3159 1180 3233 luisse

105 3250 262 3329 persuadet
272 3251 312 3326 3);
342 3250 472 3329 itemque
502 3267 597 3328 genus
619 3249 784 3328 scripturae
809 3245 1088 3326 anglosaxonicam,
1118 3262 1178 3322 quo

107 3335 311 3416 supplementa
327 3335 375 3395 illa
397 3334 524 3411 insignia
540 3345 620 3408 sunt,
643 3335 693 3395 uix
707 3331 880 3394 amanuensi
897 3349 932 3391 ex
947 3326 1029 3388 ltalia
1051 3329 1178 3392 oriundo

177 3503 196 3566 ¹)
215 3501 302 3553 Trium
320 3500 452 3566 loliorum,
477 3514 543 3566 quae
561 3499 612 3552 huc
628 3501 770 3568 pertinent,
795 3497 946 3563 scripturam
971 3496 1082 3561 goticam
1100 3496 1179 3550 edidit

107 3568 222 3620 Andreas
240 3569 379 3635 Uppstrdm
398 3570 424 3621 in
447 3568 513 3619 libro
531 3568 575 3634 qui
597 3567 743 3622 inscribitur
762 3564 884 3628 ,Codices
902 3562 985 3616 Gotici
1003 3563 1178 3618 Ambrosiani“

107 3637 221 3689 llolmiae
239 3641 264 3687 et
281 3637 381 3703 lipsiae
399 3652 422 3689 a.
445 3638 508 3690 1868
527 3650 586 3704 pag.
603 3640 646 3697 95.

177 3705 198 3768 ²)
216 3704 288 3758 Conl.
308 3719 374 3771 quae
392 3705 444 3757 dixi
461 3706 488 3755 in
506 3703 594 3761 lluseo
611 3705 733 3757 Rhenano
751 3701 804 3754 uol.
821 3700 878 3753 xx}
896 3716 954 3768 pag.
974 3703 1023 3754 576
1039 3716 1111 3770 seqq.

178 3773 199 3837 ³)
218 3772 288 3824 (lons.
321 3773 415 3826 codicis
442 3773 579 3840 imaginem
606 3769 854 3889 photogm'p‘hinarte
877 3775 1009 3837 exceptum
1034 3769 1061 3820 in
1083 3771 1181 3837 Zange-

107 3841 218 3960 mpistep
232 3846 257 3892 et
266 3840 455 3895 wattenbachii
467 3841 595 3908 Exemplis
607 3841 728 3895 Codicum
759 3841 885 3891 altuenum
897 3837 1089 3905 (Heidelbergae
1104 3841 1179 3904 1876)

108 3914 134 3959 ta
155 3949 161 3960 .
180 3910 237 3967 V.⁸
