2602 4380
149 225 189 289 36
521 237 559 281 oe
580 237 683 281 eonion
704 235 841 279 moiseo.

149 399 230 466 sunt,
253 391 292 450 ita
316 389 446 450 Senecae
468 404 588 465 qunque
609 387 708 446 locum
730 403 806 446 sono
828 403 889 445 non
912 385 1028 463 ingrato
1050 400 1136 446 aures
1157 389 1226 443 tan-

151 495 230 555 gere.
262 474 320 534 hoe
343 473 433 552 igitur
455 470 564 551 quibus
586 470 697 532 certina
718 469 860 532 iudicium
883 477 928 530 est
950 467 1170 530 diiudicandum
1193 467 1227 529 in

150 579 182 621 se
212 559 364 637 recipiant.
408 557 526 617 interim
557 556 594 615 oi.
619 556 691 615 Stat.
715 554 819 616 Achill.
841 553 879 629 Μ,
903 556 966 615 224
987 563 1013 614 te
1037 551 1136 614 Polam
1156 562 1228 614 uoto

149 662 278 706 socerum
305 651 332 704 et
364 639 456 702 roem
482 639 593 720 despue
621 644 744 718 iuuauut
774 639 950 719 olleaoatoae
979 655 1045 698 euos
1065 647 1228 717 utroqueo

150 732 290 807 aaaouo‘ue
311 729 399 788 diooa.
429 725 452 801 Ι,
475 727 536 788 655
560 725 628 804 quid
648 724 733 803 defles
754 743 857 803 mayuo
879 740 973 785 uurua
995 722 1093 783 addita
1115 718 1227 802 ponto?

152 813 252 874 Claud.
274 810 312 871 IV
335 809 412 870 Hon.
436 812 496 872 647
519 827 660 890 quaeadm
682 818 724 869 tot
746 808 819 869 diois
840 812 931 869 amiet
952 804 1070 869 uurua?

194 897 270 958 Med.
297 897 354 958 127
383 900 410 956 si
430 895 504 974 quod
527 892 669 972 Peleaque,
691 897 717 954 ai
737 894 812 973 quod
832 892 917 954 urbes
939 891 1078 952 barbarae

382 997 486 1040 uouere
506 979 623 1055 sueinus
645 978 720 1058 quod
741 989 807 1038 tuae
823 981 965 1056 ,ianuam
986 995 1092 1036 mauus

382 1081 459 1124 uuua
482 1074 521 1124 ost
539 1064 706 1142 paraudum

155 1150 216 1213 128
239 1153 370 1226 iquorem
391 1147 418 1207 Ε
437 1146 515 1226 quod
539 1165 607 1208 cum
630 1165 690 1207 non
715 1143 913 1206 necessarium
935 1152 998 1204 tum
1021 1151 1134 1205 rectum
1159 1152 1215 1205 est.

238 1252 265 1292 v.
285 1235 343 1294 170
360 1231 473 1294 Nutrix.
489 1236 618 1293 moriere.
649 1231 759 1293 Medea.
773 1233 865 1310 maio.
895 1229 930 1290 N.
942 1230 1076 1308 profetae.
1106 1228 1146 1290 Μ.
1157 1248 1230 1309 pae-

561 1319 651 1377 uitur't
671 1317 770 1394 suone.

385 1397 484 1473 Medea
503 1398 641 1478 suoram?
684 1400 719 1460 N.
741 1409 834 1461 mater
855 1417 892 1460 es.
936 1397 974 1457 Μ.
998 1401 1046 1458 eui
1065 1401 1120 1458 sim
1140 1398 1230 1460 videa.

154 1485 224 1565 fiam
246 1482 326 1562 quod
350 1485 406 1544 171
433 1501 488 1562 pro
510 1483 624 1563 suetam
639 1483 665 1544 e
679 1483 801 1563 praebet
821 1481 1032 1561 reponendum
1047 1500 1112 1542 esse
1128 1481 1230 1544 Herm.

153 1569 190 1644 X,
212 1587 242 1648 p.
266 1569 328 1630 425
350 1567 468 1642 monui;
492 1568 544 1628 sed
566 1587 634 1628 oum
650 1569 758 1630 ibidem
774 1568 871 1628 locum
887 1567 962 1627 mala
977 1567 1148 1628 coniectura
1162 1575 1232 1630 ten·

154 1652 252 1728 tanim,
275 1671 356 1712 nuno
378 1653 456 1731 quod
479 1670 581 1712 verum
604 1663 649 1714 est
670 1652 814 1714 Etruscus
836 1652 981 1730 praebuit.
1022 1651 1051 1712 in
1075 1670 1135 1730 quo
1157 1653 1233 1715 haec

156 1745 200 1798 est
228 1754 365 1796 versuum
394 1737 519 1797 istorum
550 1737 618 1798 inde
647 1757 662 1800 a
690 1757 717 1798 v.
743 1740 802 1802 168
831 1736 927 1816 imago
959 1735 1063 1812 (initiis
1091 1754 1232 1800 versuum

156 1821 331 1902 plerumque
354 1820 447 1880 minio
469 1821 584 1900 piatis):

159 1906 304 1970 168er
324 1903 388 1967 Rea
409 1916 449 1968 est
470 1907 622 1968 u'meudua.

231 1990 310 2051 MED
324 1987 389 2050 Neu
404 2009 482 2052 utem
495 1992 595 2069 suerat
606 2002 698 2071 potor.
759 1991 810 2053 NV
852 2011 912 2054 uou
926 1995 1029 2054 metuis
1043 1989 1150 2054 mma?

231 2074 311 2135 MED
325 2073 391 2136 Sim
413 2074 476 2136 lieet
490 2085 568 2138 terro
583 2077 669 2138 edito.
759 2075 809 2136 NV
856 2076 992 2139 Moriere.

230 2157 310 2219 MED
323 2157 425 2237 Cupio.
759 2159 809 2220 NV
856 2159 991 2240 Profuoe.

230 2241 445 2320 MEDpem'tur't
460 2244 557 2321 fuooe.
759 2243 810 2304 NV
854 2244 962 2306 Medea.

231 2324 311 2386 ΜΕὓ
324 2325 417 2388 Fiam.
759 2327 810 2389 NV
854 2330 999 2390 Medores.

232 2409 312 2472 MED
328 2411 383 2470 Oui
396 2413 451 2471 u'm
465 2411 552 2472 vides.
760 2412 834 2472 NVT
852 2413 1012 2492 Prosuoere
1027 2412 1163 2477 dubitas?

231 2493 311 2555 MED
323 2493 446 2573 Fauiam
459 2496 507 2557 aed
516 2495 739 2576 ulcisceremur.
972 2499 977 2504 ’

168 2623 172 2628 -
231 2577 307 2639 NVT
327 2577 437 2640 Viudeae
450 2589 591 2660 sequetur.
671 2596 675 2601 ·
760 2581 839 2643 MED
850 2581 1116 2643 Foroaua'uoem‘am
1127 2602 1235 2645 moras.

158 2665 215 2724 iam
238 2663 318 2741 quod
341 2682 441 2724 verum
464 2676 509 2724 est
524 2666 723 2743 cognoscitur,
747 2685 803 2726 neo
817 2667 991 2728 mutandum
1007 2666 1166 2746 quiequam
1182 2669 1235 2730 sed

158 2766 261 2809 versus
283 2754 363 2808 reete
385 2748 564 2810 discribendi
586 2756 656 2811 sunt
677 2749 734 2810 hoe
756 2751 859 2811 modo:

264 2832 299 2893 N.
322 2850 378 2895 reu
399 2841 439 2894 eat
459 2835 611 2896 timendus.
655 2833 695 2899 Μ.
716 2853 771 2896 reu
792 2855 872 2897 meua
892 2835 991 2914 suerat
1009 2845 1103 2917 pater.

266 2916 301 2976 N.
323 2935 381 2977 uou
403 2921 505 2979 metuis
526 2916 633 2979 arma?
675 2918 715 2979 Μ.
738 2923 796 2981 siut
818 2920 880 2982 lieet
902 2928 980 2980 terra
1001 2921 1084 2981 edita.

265 3001 302 3061 N.
323 3005 454 3064 moriere.
482 3002 522 3063 Μ.
537 3007 631 3081 aupo'o.
660 3003 694 3064 N.
707 3005 841 3083 prosuae.
877 3003 917 3064 M.
928 3008 1073 3084 poenituit
1093 3006 1191 3085 suque.

265 3085 300 3146 N.
325 3084 425 3148 Medea
441 3115 483 3130 -
504 3086 543 3147 Μ.
558 3087 638 3165 fiam.
674 3087 818 3150 Numer
838 3107 876 3151 ea.
912 3088 953 3149 Μ.
972 3094 1019 3150 oui
1039 3092 1093 3150 um
1115 3092 1203 3152 videt.

265 3170 300 3230 N.
320 3171 478 3250 profudere
500 3170 650 3234 dubitas?
672 3171 710 3235 Μ.
725 3174 848 3252 suatum,
870 3182 901 3234 ot
922 3172 1043 3235 uiderer
1060 3178 1155 3254 prius.

267 3255 301 3315 N.
326 3257 433 3315 oo‘udeoa
453 3264 594 3335 sequetur.
631 3256 671 3316 Μ.
692 3257 796 3334 [oraora
818 3262 964 3320 iuventam
985 3275 1092 3321 morae.

161 3339 213 3402 sie.
226 3341 380 3400 restitutus
402 3349 447 3400 est
468 3339 599 3401 Senecae
621 3359 727 3402 sensus
748 3341 800 3421 qui
823 3342 923 3404 neseio
943 3361 981 3403 an
995 3343 1075 3405 inter
1088 3343 1236 3422 probatis·

161 3421 252 3483 simos
281 3425 370 3484 suerit
399 3431 428 3484 et
456 3427 491 3484 ato
521 3424 606 3486 istius
634 3425 696 3486 aevi
718 3425 949 3504 elegantioribus
971 3427 1086 3506 ingenti
1109 3429 1237 3491 elamore

162 3515 313 3585 exeeptua
777 3533 781 3541 ·

246 3610 271 3651 v.
298 3593 358 3655 190
795 3595 865 3655 vade
886 3593 975 3654 oelooi
993 3599 1045 3656 oia

389 3686 605 3758 monstrumque
624 3695 742 3740 meeum
761 3677 899 3745 horribile
920 3679 1090 3741 iamdudum
1111 3680 1206 3744 eodo.

161 3757 204 3818 sie
225 3756 356 3817 Medeam
373 3756 447 3820 Creo
462 3759 641 3839 adloquitur.
671 3780 760 3841 qaam
775 3763 854 3841 quod
868 3761 961 3823 aeloei
975 3763 1021 3824 oia
1035 3764 1140 3826 vadere
1155 3766 1239 3828 iubet

161 3841 214 3902 uni
233 3840 339 3902 Bothio
355 3843 550 3905 offensionem
565 3846 720 3925 praebuit3
736 3846 787 3907 sed
803 3864 863 3907 non
879 3864 915 3906 ex
929 3848 1100 3909 coniectura
1118 3850 1238 3929 scripsit

161 3928 233 3989 oade
257 3925 347 3988 oeloar‘
365 3928 453 4008 suaa,
483 3935 518 3989 ut
541 3929 652 4008 legitur
672 3931 753 4012 apud
768 3930 961 4009 arenearum,
992 3933 1045 3996 aad
1066 3933 1237 4013 Etruscum,
