2580 4366
506 262 544 305 hir
565 261 736 306 ramlosae.

593 414 973 491 melioramentum,
1074 464 1081 474 .

288 515 374 576 quom
396 516 509 576 quaero,
530 498 617 559 solus.

174 599 201 640 v.
229 584 266 643 12
288 581 334 641 tho
355 581 401 643 tho
422 600 494 661 puna
511 593 672 662 mcaupte
689 584 836 663 protendit
858 589 926 664 iupa

288 682 367 727 meuc
390 664 551 728 Cithaeron

174 768 200 809 v.
225 753 266 813 64
667 769 720 831 quo
743 755 786 812 eir
808 763 888 814 utem

284 834 356 896 duca
377 852 437 896 me:
466 837 576 898 danaim
597 840 689 898 omnis
710 837 827 914 eligitur
848 842 897 898 oio

78 931 191 996 nempe
211 916 245 979 in
273 918 317 979 oio
343 928 432 980 sunt:
460 920 577 982 Thebas
605 921 694 981 modo
722 921 924 999 reliquerunt3
954 941 1015 982 non
1041 922 1155 1002 pridem

79 1002 255 1064 acciderunt
276 1021 352 1082 quae
374 1005 406 1064 in
424 1003 530 1084 Oedipi
551 1007 611 1066 hue
628 1007 784 1083 legentum
807 1006 970 1068 deliberant
984 1007 1080 1068 adhuc
1095 1027 1155 1086 qao

79 1104 203 1166 grossus
225 1106 297 1148 suos
319 1088 456 1167 dirigent,
482 1091 687 1152 Cithaeronem
703 1091 758 1150 sihi
775 1109 862 1151 suum
877 1100 960 1171 pater
977 1092 1066 1170 eligit.
1100 1093 1155 1154 ita·

79 1190 141 1250 que
164 1190 269 1234 scaena
293 1182 338 1234 est
358 1173 391 1235 in
413 1176 529 1236 tramite
552 1194 611 1253 quo
634 1175 744 1236 Thebis
767 1176 896 1238 Athenas
922 1184 1112 1239 commeatur.

167 1256 363 1319 subrisissent
384 1278 446 1320 non
469 1260 573 1320 Graeci
596 1268 708 1321 tantum
731 1261 782 1321 sed
804 1270 835 1321 et
855 1260 981 1322 Romani
1000 1269 1029 1322 et
1044 1262 1156 1323 Seneca

79 1340 106 1402 si
128 1342 309 1421 tragoediam
332 1343 503 1422 puhlicain
526 1345 570 1405 via
592 1345 733 1422 agendam
756 1353 842 1424 poeta
862 1346 991 1424 tragicus
1007 1365 1155 1426 proposu-

80 1426 165 1488 isset.
210 1427 326 1505 qualem
348 1428 401 1505 ihi,
424 1439 457 1490 ut
478 1440 575 1491 cetera
597 1430 707 1506 sileam,
734 1430 843 1491 actioni
866 1431 990 1491 chorum
1013 1431 1156 1492 interesse

76 1509 184 1572 iuheas
202 1512 264 1573 nisi
282 1513 501 1592 negotiatorum
515 1515 592 1576 torte
607 1525 636 1576 et
654 1511 800 1576 lixarum?
822 1515 999 1594 respondeat
1012 1514 1157 1596 Peiperus

79 1595 133 1674 qui
160 1596 193 1656 in
222 1615 397 1660 scaenarum
419 1599 558 1660 confiniis
579 1599 692 1660 cantica
715 1599 900 1662 intercidisse
922 1607 1007 1680 putat
1032 1609 1060 1661 et
1078 1601 1156 1663 adeo

78 1679 170 1742 hahet
191 1699 267 1761 quae
289 1701 324 1743 ox
347 1683 411 1744 aliis
433 1683 590 1762 tragoediis
611 1685 671 1745 huc
695 1683 810 1745 inierat.

167 1762 253 1827 istam
275 1767 366 1846 igitur
388 1786 523 1829 scaenam
546 1768 711 1847 tragoediae
734 1779 847 1847 partem
871 1786 926 1829 nec
941 1787 1007 1829 osse
1022 1769 1157 1830 nocheri

76 1854 169 1929 poeta
196 1851 299 1913 voluit.
345 1854 504 1932 scripserat
525 1851 670 1933 Oedipum
701 1856 800 1931 (quam
827 1861 895 1913 ante
920 1853 999 1913 hanc
1021 1868 1157 1913 scaenam

79 1935 224 2015 scriptam
247 1956 312 1998 esso
334 1956 361 1998 v.
387 1940 447 2001 176
469 1955 514 2018 sq.
537 1938 668 2014 docent),
684 1939 802 2014 'legerat
824 1944 978 2016 utramque
1000 1936 1157 2016 Sophoclis

76 2016 242 2099 Oefflpum
265 2019 416 2102 Euripidis
438 2021 630 2098 Phoenissas3
659 2025 690 2084 in
722 2022 817 2102 ipsius
840 2022 953 2101 Oedipo
976 2040 1067 2082 senex
1088 2040 1158 2085 cum

78 2102 141 2164 iilia
172 2105 246 2166 adhe
275 2106 401 2169 excessit
429 2114 463 2168 ut
491 2107 522 2168 in
545 2107 696 2187 Euripidis
724 2107 836 2182 sahula3
866 2115 1073 2185 argumentum
1103 2124 1159 2189 per

80 2186 262 2269 Sophoclem
283 2191 502 2253 nobilissimum
524 2201 595 2254 erat.
626 2200 658 2254 nt
675 2192 879 2254 Cithaeronem
897 2199 1033 2272 peterent
1052 2210 1086 2253 ex
1101 2192 1158 2254 So·

78 2272 192 2353 phocle
207 2277 348 2356 sumpsit:
371 2274 424 2337 ΟΒ
439 2280 517 2340 1451
532 2279 604 2357 sq.³)
627 2278 664 2338 oi.
678 2279 740 2341 420
759 2279 841 2359 βοῆς
858 2273 894 2341 δὲ
908 2277 966 2360 τῆς
982 2275 1041 2360 σῆς
1057 2284 1158 2363 ποῖος

81 2348 142 2420 οὔκ
165 2356 259 2422 ἔσται
281 2356 388 2440 λιμήν,
408 2368 508 2436 ποῖος
524 2358 701 2442 Κιθαιρών
717 2354 788 2440 οὐχὶ
804 2359 982 2443 σύμφωνος
1003 2358 1106 2443 τάχα,·
1129 2373 1158 2424 ot

81 2445 183 2522 potuit
204 2446 291 2506 etiam
314 2447 385 2507 Euri
409 2447 464 2507 idis
486 2447 636 2509 reminisci
658 2447 770 2511 Phoen.
793 2448 877 2509 1752
900 2444 951 2509 'id'
963 2442 1048 2511 ἀλλὰ
1070 2445 1159 2531 Βρό-

82 2549 162 2607 μιος
184 2525 239 2591 ἵνα
261 2554 297 2594 τε
320 2465 418 2614 agatii
441 2525 563 2613 ἄβατος
588 2526 680 2613 ὄρεσι
703 2528 884 2609 μαινάδων.

172 2616 310 2677 omnihus
331 2615 395 2677 istis
410 2616 441 2677 in
456 2634 544 2677 usum
559 2634 648 2678 suum
665 2616 814 2678 conversis
829 2616 983 2695 adaptabat
996 2618 1158 2678 suasoriam

83 2716 143 2777 qua
159 2708 354 2776 quaereretur
368 2718 404 2761 an
420 2702 548 2781 peractis
564 2702 701 2762 omnihus
717 2701 774 2762 illis
789 2700 825 2761 ah
841 2701 985 2761 insciente
997 2701 1158 2762 sceleribus

83 2792 115 2844 et
135 2801 234 2863 poena
255 2785 313 2846 iam
336 2787 400 2848 data
424 2787 509 2846 otiam
531 2786 716 2847 moriendum
747 2792 824 2846 esset
850 2784 975 2864 Oedipo.
1019 2785 1160 2848 locuntur
1230 2790 1237 2829 ’-

83 2868 116 2928 in
140 2874 297 2948 utramque
319 2875 432 2950 partem
454 2879 538 2950 pater
559 2878 589 2932 et
605 2871 681 2945 hlia3
704 2870 794 2931 vincit
811 2869 870 2932 tilia
885 2870 987 2949 illique
1002 2871 1159 2949 persuadet

83 2959 120 3013 ut
141 2952 200 3014 iter
215 2964 425 3034 persequatur.
450 2956 502 3015 ‘his
524 2957 590 3016 addi
613 2955 687 3016 nihil
709 2964 807 3034 potest
828 2973 885 3015 nec
905 2955 978 3033 fingi
999 2970 1160 3031 argumen-

83 3046 151 3099 tum
168 3039 256 3114 pand
273 3039 392 3101 ¹tehulae
413 3041 453 3101 ita
474 3041 629 3101 incohatae
650 3040 822 3101 conveniat:
847 3057 914 3099 nam
941 3039 1036 3118 qualis
1059 3039 1161 3101 dohuit

77 3121 195 3202 Oedipi
216 3123 285 3184 linis
307 3142 373 3185 esse
387 3134 437 3185 aut
450 3123 524 3185 uhi?
547 3136 627 3186 certe
642 3143 703 3186 uon
719 3125 816 3204 potuit
830 3124 860 3185 in
878 3123 1053 3184 Cithaerone
1066 3121 1158 3183 mori:

85 3222 166 3283 um,
187 3209 299 3270 utalia
322 3209 447 3288 plurima
463 3210 709 3289 praetermittam,
732 3209 784 3288 qui
805 3209 842 3270 de
861 3207 967 3286 Oedipi
990 3213 1085 3267 morte
1099 3215 1160 3269 lra-

86 3291 222 3370 goadion
236 3293 374 3356 scrihere
396 3294 505 3367 voluit,
529 3294 567 3356 ah
589 3294 738 3375 Sophocle
759 3293 899 3355 recedere
920 3293 1000 3353 inter
1021 3291 1158 3370 antiquos

78 3392 150 3437 nan
163 3379 280 3456 potuit.

173 3463 286 3523 Seneca
313 3472 410 3524 amora
437 3463 467 3523 ia
500 3480 604 3525 scaena
625 3463 674 3524 illa
693 3470 902 3539 argumentum
925 3460 1057 3521 tractant
1080 3461 1160 3539 quod

79 3542 129 3608 'illi
151 3547 278 3609 maimo
299 3548 381 3609 cardi
403 3547 494 3610 faisse
516 3567 603 3610 nemo
625 3547 781 3609 moralium
803 3563 931 3624 operum
946 3545 1159 3611 lectornesoit.

85 3646 148 3712 qao
173 3632 288 3694 laeam
310 3641 361 3694 *est
388 3644 422 3696 ut
449 3633 481 3694 ia
510 3634 590 3695 nulla
618 3632 768 3711 tragoedia
789 3630 907 3710 saepius
928 3631 1161 3710 praescripta-ot

84 3766 295 3777 -ι-α--ι-

176 3847 198 3912 2)
215 3847 276 3899 inde
296 3851 325 3903 12
334 3865 373 3916 sq.
392 3864 511 3916 expressa
529 3864 586 3902 osse
603 3848 668 3899 vidit
683 3847 820 3912 Nouellum
838 3849 898 3901 item
917 3850 1014 3914 llhsq.
1032 3861 1063 3898 ex
1081 3845 1161 3913 Soph.

84 3914 269 4038 gRflplflahopq.
288 3917 493 4038 {papplpppuet
510 3914 553 3968 Oll
570 3918 619 3970 457
630 3931 668 3983 sq.
699 3918 771 3981 1250,
789 3915 835 3968 oerl
853 3922 879 3968 et
895 3914 969 3968 Ovid.
981 3919 1043 3966 met.
1061 3912 1092 3975 X,
1110 3916 1159 3983 ⁸⁴7
