2580 4366
121 211 162 273 62
504 230 660 282 6.·166161
681 229 808 272 6666616

92 396 94 400 ·
120 381 281 443 necessitas
303 381 371 460 plus
393 400 482 460 posse
504 400 592 462 quam
614 381 708 460 616166
730 381 813 442 66161.

119 486 205 529 1666.
249 465 551 545 Ρ166666116616166,
573 466 694 528 vulnera
718 476 747 527 et
769 466 846 527 diras
868 466 937 528 mali

121 550 231 612 doloris
254 562 331 613 artes
354 560 383 611 et
403 553 509 613 famem
533 560 563 613 et
585 569 698 614 saevam
721 550 800 613 sitim
940 629 943 635 Ι

119 635 273 715 variasque
295 646 394 716 pestes
417 637 560 716 undique,
584 647 613 698 61
632 637 745 698 ferrum
767 636 894 698 inditum

118 721 281 782 visceribus
304 721 378 797 istis,
401 722 527 783 carceris
551 721 630 783 caeci
652 721 742 796 luem,

120 815 149 868 et
170 805 315 886 quidquid
338 806 426 869 audet
448 807 541 869 victor
563 807 655 868 iratus
677 806 799 867 timens:

119 890 252 954 animosa
274 890 373 953 nullos
395 901 489 953 mater
511 891 637 956 admittit
656 901 764 953 metus.

118 994 193 1037 vurx.
237 975 293 1038 Hic
316 976 391 1055 ipse,
413 995 472 1056 quo
497 995 579 1038 nunc
602 985 760 1038 contumax
783 984 907 1055 perstas,
930 995 1012 1037 amor

119 1060 277 1123 consulere
299 1062 396 1141 parvis
418 1061 520 1123 liberis
542 1062 657 1123 1166666
679 1069 790 1122 monet.

118 1154 187 1228 post
209 1165 289 1207 arma
311 1154 369 1207 tam
391 1146 564 1226 longinqua,
587 1157 656 1226 post
677 1164 773 1207 annos
795 1145 896 1207 decem

117 1232 218 1293 minus
240 1231 375 1292 timerem
398 1250 474 1312 quos
495 1232 565 1294 16611
588 1231 708 1293 Calchas
733 1239 839 1307 metus,

118 1319 144 1379 si
166 1315 239 1377 mihi
260 1317 409 1378 timerem:
440 1316 516 1378 bella
538 1317 714 1379 Telemacho
739 1334 835 1394 paras.

118 1420 204 1464 1666.
248 1401 350 1476 Invita,
373 1400 465 1475 Vlixe,
489 1402 627 1481 gaudium
648 1401 757 1462 Danais
780 1400 870 1461 dabo:

119 1486 247 1549 dandum
271 1496 333 1560 est;
363 1487 455 1548 161616
477 1505 553 1567 quos
575 1487 686 1566 premis
708 1487 816 1560 luctus,
842 1485 935 1547 dolor.

119 1571 252 1652 gaudete,
275 1570 403 1645 Atridae,
425 1581 519 1652 tuque
540 1572 673 1647 laetifica,
700 1570 843 1645 6166166,

118 1659 197 1719 refer
218 1656 364 1735 Pelasgis:
394 1656 531 1718 Hectoris
553 1657 653 1737 proles
675 1656 746 1716 obit.

118 1761 192 1803 6661.
236 1741 274 1802 Et
296 1760 361 1803 esse
383 1760 484 1802 verum
506 1742 564 1802 hoc
587 1761 644 1821 qua
666 1741 774 1821 probas
797 1740 905 1802 Danais
926 1737 1007 1802 fide?

117 1845 203 1889 1666.
247 1827 290 1887 116
313 1827 393 1906 quod
415 1827 522 1889 minari
544 1827 703 1888 maximum
724 1826 819 1887 victor
840 1834 939 1906 potest

118 1911 271 1990 contingat
294 1923 323 1973 et
344 1930 392 1973 me
413 1912 471 1972 1616
493 1922 609 1973 maturo
633 1913 712 1973 exitu

71 2006 78 2016 '
117 1995 257 2077 facilique
278 1996 392 2057 solvant
413 2014 447 2058 ac
468 2015 535 2057 meo
559 1996 688 2058 condant
709 1995 773 2056 solo

118 2093 148 2144 et
168 2082 261 2161 patria
283 2081 371 2143 teHus
393 2081 551 2144 Hectorem
573 2081 820 2160 leviterpremat,

118 2177 151 2229 ut
172 2166 239 2228 luce
261 2185 362 2228 cassus
384 2166 463 2228 inter
486 2166 632 2228 extinctos
653 2167 729 2227 iacet

118 2252 263 2331 datusque
284 2251 398 2313 tumulo
422 2251 519 2312 debita
542 2252 684 2312 exanimis
706 2242 832 2312 tulit!

115 2355 191 2398 vnrx.
236 2335 359 2416 Expleta
380 2336 438 2396 fata
460 2337 553 2415 stirpe
575 2336 687 2398 sublata
709 2333 845 2397 Hectoris

117 2421 299 2499 solidamque
322 2439 425 2500 pacem
447 2423 542 2483 laetus
564 2422 599 2483 ad
621 2422 737 2482 Danaos
759 2421 851 2481 feram
873 2453 915 2464 -

117 2506 189 2587 quid
210 2505 283 2584 agio,
306 2503 410 2567 Vlixe?
442 2506 590 2568 Danaidae
613 2506 736 2569 credent
756 2505 826 2566 tibi:

115 2602 149 2652 tu
171 2587 244 2652 cui?
272 2591 389 2669 parenti
411 2626 453 2636 -
475 2592 560 2671 fingit
582 2611 619 2652 66
642 2591 799 2671 quisquam
820 2590 878 2650 hoc
899 2607 1018 2669 661666,

117 2694 174 2738 666
195 2675 407 2737 abominandae
429 2677 534 2737 mortis
555 2676 720 2756 auspicium
743 2672 850 2755 pavet?

116 2760 246 2841 auspicia
268 2770 406 2823 metuunt
428 2762 479 2840 qui
502 2761 577 2822 nihil
599 2761 693 2822 maius
713 2762 828 2822 timent.

114 2847 203 2907 tidem
225 2845 351 2924 alligavit
371 2846 437 2907 iure
459 2846 583 2909 iurando
605 2865 688 2908 suam
711 2879 753 2890 -

115 2932 142 2992 si
163 2930 285 3010 peierat,
308 2930 411 2992 timere
434 2932 505 3010 quid
529 2932 645 3011 gravius
667 2927 788 3011 potest‘l

115 3034 198 3079 nunc
220 3015 327 3077 advoca
349 3025 440 3091 astus,
463 3017 570 3092 anime,
594 3035 676 3078 nunc
698 3016 827 3091 1166166,
847 3014 939 3089 dolos,

115 3119 207 3182 nunc
220 3108 313 3162 totum
336 3100 458 3174 Vlixen;
488 3101 594 3164 veritas
617 3118 779 3181 numquam
800 3099 888 3179 perit.

112 3316 181 3353 vurx.
208 3300 292 3353 Stulta
311 3307 350 3354 est
367 3301 432 3354 fides
450 3303 533 3355 661616
551 3300 620 3369 quod
637 3300 731 3368 prodas
749 3302 844 3354 statim.
1146 3311 1187 3353 661

113 3426 314 3436 ——u—

199 3487 551 3542 58361616.Ε.-161666
568 3487 593 3538 Ε
645 3489 694 3540 585
714 3488 778 3540 ustis
795 3489 820 3538 A
872 3489 922 3541 586
941 3491 1043 3539 tumens
1060 3487 1086 3538 A
1138 3488 1187 3539 581

111 3559 157 3607 tic
179 3557 204 3607 Ε
222 3560 254 3622 ς,
271 3563 333 3623 port
355 3573 379 3608 o.
396 3556 446 3609 581
470 3558 509 3621 Α,·
536 3561 597 3622 6661
618 3571 641 3606 6.
666 3555 718 3608 588
740 3558 832 3622 posuit
853 3554 1059 3622 Hapltolangtur.
1095 3553 1187 3608 delevi.

112 3626 162 3677 588
181 3625 388 3695 Andromachae
406 3626 489 3676 dator
506 3624 539 3689 Ε,
558 3623 637 3676 Vltor
653 3625 686 3675 A.
704 3652 738 3663 -
755 3623 868 3676 admittis
885 3625 912 3676 A
980 3625 1031 3677 5911
1052 3626 1152 3676 monet:
1170 3637 1188 3673 6

111 3708 147 3742 arc
164 3707 182 3743 u
200 3699 249 3743 aut
265 3696 378 3745 invicem
396 3692 421 3743 Ε
490 3694 537 3746 591
558 3696 609 3743 tam
629 3707 679 3744 om.
696 3693 721 3743 Ε
790 3692 959 3746 59216611
1027 3689 1188 3745 5941616111

111 3757 180 3811 Vlixi
198 3760 318 3827 gaudium
337 3776 367 3812 ac
384 3762 422 3825 (et
438 3765 467 3827 ς)
484 3759 578 3812 1166616
596 3759 663 3812 dabo
680 3761 705 3810 A
775 3763 825 3814 596
843 3760 924 3813 soler:
949 3774 978 3812 es
995 3764 1014 3812 i.
1024 3760 1150 3813 666361.
1162 3757 1187 3808 Ε

111 3831 162 3881 cot
180 3828 289 3896 patriam
301 3829 326 3879 Ε
378 3832 427 3883 603
446 3831 504 3881 1666
521 3829 602 3881 661611
613 3827 663 3879 ΕΑ
686 3828 795 3893 166161,
813 3833 842 3880 ut
860 3832 879 3894 ς
897 3828 986 3894 uulgo.
1011 3832 1134 3880 correxit
1150 3824 1186 3878 Ν.

111 3895 236 3948 Emodus
255 3898 315 3948 ado.
333 3914 359 3963 p.
378 3899 429 3950 154
446 3899 486 3963 (ς)
555 3894 810 3950 60111666111661.
829 3896 855 3946 Ε
929 3900 979 3951 608
997 3910 1030 3948 66
1048 3897 1187 3964 quicquam

93 3978 197 4031 pareus
212 3966 244 4016 A
311 3968 363 4020 612
383 3965 498 4035 perierat
515 3965 539 4018 A
609 3968 658 4019 614
676 3969 703 4017 et
719 3969 803 4017 totum
821 3966 853 4019 A.
872 3993 906 4005 -
924 3979 1063 4034 numquam
1080 3964 1146 4018 latet
1162 3962 1187 4015 A
