2580 4366
579 564 665 640 VII.

85 896 90 903 ·
178 885 205 946 Si
224 885 260 947 de
274 893 336 947 arte
352 883 471 946 metrica
487 882 602 962 qualem
617 885 648 945 in
665 885 787 947 canticis
801 885 914 947 Seneca
929 887 1067 949 factitavit
1081 907 1157 966 quae

116 979 166 1039 post
181 969 316 1033 bernardi
331 968 476 1030 Schmidti
498 969 533 1030 de
549 969 738 1031 emendandis
755 970 886 1031 Senecae
900 971 1058 1050 tragoediis
1072 972 1156 1034 libel-

57 1052 67 1111 ῑ“
115 1045 160 1112 lum
172 1054 285 1117 dicenda
301 1060 372 1116 sunt
387 1060 490 1114 cuncta
507 1054 645 1133 persequi
660 1054 805 1131 volumus,
830 1063 918 1117 restat
937 1064 970 1117 ut
991 1057 1033 1117 de
1055 1056 1156 1118 st'ro-

57 1156 60 1164 ·
114 1135 1155 1220 phicacarminumcompositionedisseramusvelpotiuselli-

113 1219 200 1286 ciamus
214 1242 285 1286 num
300 1232 388 1304 poeta
403 1223 525 1283 omnino
540 1223 571 1283 in
588 1224 710 1284 canticis
721 1225 909 1303 stropharum
921 1226 1155 1304 aequabilitatem

112 1321 212 1382 regnare
231 1309 361 1372 iusserit.
399 1317 487 1387 atque
509 1315 541 1368 ut
564 1307 634 1385 quid
655 1309 697 1369 rei
713 1308 750 1368 sit
765 1310 862 1370 statim
878 1311 981 1381 dicam,
1005 1311 1034 1371 in
1051 1329 1156 1373 novem

109 1393 244 1471 tragoediis
273 1403 303 1455 et
331 1392 458 1473 amplius
481 1392 671 1471 quadraginta
695 1394 873 1454 carminibus
897 1414 989 1456 unum
1013 1404 1056 1455 est
1078 1405 1155 1457 stro·

108 1473 163 1549 phis
180 1496 208 1539 re
230 1497 294 1540 vera
316 1476 508 1556 aequabiliter
531 1476 704 1557 discriptum
728 1486 757 1539 et
778 1498 816 1540 ne
838 1478 867 1539 id
891 1479 1010 1558 quidem
1028 1480 1153 1560 simplici

108 1561 253 1642 usitatoque
274 1562 370 1643 poetis
393 1580 502 1641 genere
518 1562 569 1622 sed
585 1570 697 1642 septem
712 1569 866 1624 ternorum
883 1573 1056 1643 septemque
1073 1574 1155 1626 octo-

107 1658 195 1708 norum
222 1667 359 1711 versuum
392 1646 523 1726 strophis
552 1646 676 1724 singulis
705 1648 736 1707 in
766 1648 904 1709 adonium
934 1649 1119 1710 exeuntibus.
1135 1653 1157 1725 ¹)

107 1722 194 1808 loquor
220 1733 255 1794 de
277 1732 396 1813 Medeae
426 1731 541 1792 cantico
573 1734 753 1795 cte—669
783 1732 819 1792 de
845 1733 931 1792 cuius
953 1733 1157 1811 aequabilitate

106 1826 220 1878 accurate
241 1817 386 1878 elaborata
410 1835 443 1877 eo
467 1815 566 1877 minus
589 1817 714 1877 dubitari
736 1824 909 1896 potestque
925 1819 1017 1895 magis
1032 1818 1155 1879 mirifice

108 1900 193 1962 accidit
218 1913 249 1964 ut
277 1902 366 1963 unice
395 1900 511 1978 gravior
539 1900 705 1980 corruptela
728 1901 758 1961 in
781 1901 936 1962 obscurata
958 1902 1155 1981 paenultimae

109 1986 223 2064 strophae
252 1985 382 2047 clausula
411 1985 465 2046 sita
495 1985 540 2045 sit.
552 1985 576 2060 2)
620 1986 650 2047 in
678 1987 778 2046 Medea
809 1995 905 2046 autem
935 2005 1003 2046 curn
1033 1988 1154 2047 omnino

108 2070 225 2142 quaedam
254 2071 401 2134 dexterius
427 2070 625 2130 administrata
648 2071 708 2132 sint
729 2089 817 2149 quam
840 2071 870 2130 in
893 2071 1016 2150 reliquis
1038 2071 1154 2146 sabulis,

107 2147 176 2216 lacile
194 2155 360 2219 inducimur
382 2161 416 2216 ut
436 2173 491 2234 per
513 2161 601 2216 totam
625 2154 752 2216 fabulam
774 2155 886 2217 cantica
902 2157 1041 2236 strophis,
1066 2175 1155 2236 quae-

106 2232 159 2324 sitis
176 2239 239 2302 licet
261 2250 290 2303 et
304 2239 469 2301 artificiosis
485 2258 672 2318 quorumque
690 2259 750 2301 raon
766 2241 797 2300 in
813 2241 970 2320 propatulo
986 2241 1024 2301 sit
1038 2252 1152 2317 natura,

108 2325 259 2388 instruxisse
280 2333 398 2404 poetam
421 2333 569 2403 putemus.
614 2343 647 2385 ao
672 2325 769 2386 lavere
791 2324 953 2404 suspicioni
976 2327 1155 2405 hymenaeus

109 2402 202 2470 videtur
221 2430 247 2471 r.
271 2412 312 2474 56
335 2428 397 2488 sq,
426 2409 477 2487 qui
498 2409 594 2488 primo
617 2409 683 2469 loco
706 2409 827 2489 praebet
848 2410 1032 2489 undeviginti
1054 2429 1156 2472 versus

106 2489 297 2572 asclepiadeom
321 2501 463 2556 secuntur
478 2493 677 2572 duodeviginti
695 2494 845 2574 glyconei;
861 2494 966 2556 deinde
982 2495 1155 2575 asclepiadei

108 2579 284 2664 septendecim
308 2587 337 2639 et
358 2588 508 2658 postremo
527 2597 576 2640 sex
592 2597 693 2640 versus
708 2579 834 2639 heroici:
858 2589 892 2640 ut
909 2598 970 2640 non
987 2579 1051 2640 sine
1067 2584 1154 2641 causa

107 2665 305 2744 circumspicias
328 2665 406 2724 sitne
427 2683 443 2724 a
465 2663 592 2724 librariis
614 2663 738 2743 pristina
760 2663 951 2743 aequabilitas
968 2663 1081 2726 violata.
1112 2675 1156 2726 at·

109 2767 287 2792 N.—

177 2847 193 2909 ¹l
206 2846 262 2900 ‘sed
280 2848 307 2899 hi
325 2862 414 2913 parum
432 2847 625 2899 commendandi
642 2846 714 2899 lusus
725 2842 790 2898 sunt‘
805 2847 833 2899 G.
844 2848 977 2899 Hermann.
989 2848 1049 2914 epit.
1058 2864 1083 2915 p.
1095 2851 1154 2901 246.

176 2916 193 2979 ’t
208 2931 232 2968 v.
244 2919 305 2969 660.
329 2915 425 2966 nullam
443 2914 510 2966 euim
528 2930 584 2967 esse
603 2914 771 2982 corruptelam
788 2915 813 2965 in
824 2931 848 2966 v.
859 2918 908 2968 653
927 2931 1002 2982 supra
1015 2932 1040 2982 p.
1050 2918 1082 2968 25
1096 2915 1155 2967 dixi.

109 2978 175 3050 bybli
191 2984 220 3035 ad
232 2998 357 3035 summam
375 2987 443 3034 recte
456 2982 599 3035 Gronovius
613 2982 758 3050 explicavit,
775 2983 893 3035 nimirum
912 2983 1013 3050 Tiphyn
1033 2983 1155 3035 boeotum

108 3034 177 3108 (Stpha
185 3052 223 3102 vel
231 3051 325 3103 Potnia
334 3051 524 3116 oriundum,illa
531 3049 698 3116 Thespiarum
707 3057 791 3117 portu,
800 3051 847 3102 hac
858 3067 936 3117 prope
944 3051 1044 3103 Thebas
1054 3054 1155 3101 vetusta

111 3107 168 3188 vitat
176 3118 246 3171 etiam
255 3118 356 3170 Aulidis
368 3133 453 3184 regem
465 3133 478 3169 a
490 3117 587 3170 Seneca
598 3117 692 3170 haberi.
716 3118 860 3172 addendum
870 3124 924 3170 erat
935 3117 1045 3170 Graecos
1055 3117 1155 3168 Troiam

112 3181 211 3238 nutans
229 3187 285 3252 ipso
303 3185 406 3238 fabulae
425 3191 537 3253 tempore
550 3184 641 3238 Aulide
659 3192 787 3239 morantes
805 3201 820 3237 a
838 3191 914 3251 poeta
931 3185 1002 3252 fingi.
1027 3198 1086 3236 nam
1099 3199 1156 3237 cum

112 3236 246 3321 Argonautas
264 3254 354 3305 Troica
373 3253 500 3318 expeditio
518 3253 646 3332 exceperit
663 3259 689 3304 et
706 3270 728 3306 e.
738 3270 762 3320 g.
779 3253 871 3306 Nestor
889 3253 989 3319 utrique
1006 3252 1156 3313 interfuerit,

57 3314 61 3391 ξ
113 3313 181 3371 acan
200 3321 258 3373 ilico
280 3327 369 3373 secuta
392 3322 443 3372 sit‘l
466 3327 613 3388 praesertim
632 3336 687 3372 eum
706 3323 813 3373 multum
832 3321 953 3387 temporis
970 3320 1036 3372 iuter
1054 3320 1155 3373 velleris

57 3396 59 3405 '
113 3383 191 3442 rallum
206 3389 393 3455 coniugumque
410 3388 543 3442 discidium
561 3390 735 3442 intercessisse
750 3394 788 3441 tot
799 3390 903 3440 heroum
916 3389 965 3440 iam
979 3393 1081 3455 peraeta
1103 3389 1155 3441 lata

57 3456 61 3521 ¹.
113 3435 204 3507 luceant,
238 3457 321 3509 simile
338 3471 400 3508 sane
416 3473 494 3576 quam
512 3457 628 3524 putidum
646 3457 788 3509 cacozeliae
807 3471 887 3522 genus
906 3457 932 3508 iu
948 3455 1059 3524 Thyeste
1077 3462 1155 3523 extat,

115 3507 148 3561 abr
162 3517 213 3576 baec
228 3525 252 3575 in
271 3525 399 3592 procellae
434 3525 587 3591 escriptione
604 3525 712 3591 legimus
730 3541 755 3579 v.
775 3527 838 3577 536:

359 3599 384 3643 et
399 3599 479 3658 putat
496 3597 648 3659 margiane
664 3609 741 3661 posse
757 3608 863 3659 pauper

357 3676 441 3726 regna
459 3659 569 3712 Laertes
586 3661 681 3713 Ithaca
701 3665 834 3712 trentente.

118 3716 162 3765 ”²¹¹1
176 3718 290 3792 Thyestes
307 3727 506 3794 Agamemnonis
530 3736 636 3796 patruus
656 3729 761 3780 Laertae
778 3728 799 3780 si
819 3727 887 3794 sapis
906 3728 1019 3795 aequalis
1037 3732 1083 3778 est.
1119 3724 1156 3777 sic

118 3783 197 3840 lf⁰rsus
203 3793 381 3861 Aristophanes
399 3794 477 3848 duces
495 3797 577 3849 cibum
595 3796 724 3863 publicum
735 3795 875 3849 esurientes
888 3795 985 3863 pridem
996 3807 1157 3860 nequaquam

119 3840 143 3891 ll
158 3849 300 3914 Cleaenetum
318 3863 454 3917 cursitasse
472 3864 608 3932 praedicat.
