2580 4366
587 251 716 295 TROABES

118 397 243 459 nimium
265 418 299 460 ac
321 398 457 462 feroces?
501 410 612 464 stamus
633 403 691 464 hoe
712 403 802 466 llanai
825 405 901 480 loeo,

117 483 196 545 unde
218 484 267 564 illa
290 485 404 547 cecidit.
447 487 550 563 fateor,
572 488 729 567 aliquando
752 489 901 569 impotens

116 580 210 648 regno
233 587 267 630 ac
289 571 437 650 superbus
458 571 544 633 altius
565 582 674 634 memet
694 573 764 649 tuli;

118 654 169 714 sed
191 655 279 732 fregit
301 656 366 717 illos
389 657 511 736 spiritus
532 657 604 718 haec
627 676 702 737 quae
724 659 794 720 dare

118 739 264 818 potuisset
285 740 350 802 aliis
372 760 468 817 causa,
492 741 640 804 Fortunae
662 744 750 804 lavor.

117 834 150 886 tu
172 843 220 886 me
242 826 414 905 superbum,
438 825 562 903 Priame,
584 837 616 888 tu
640 827 774 889 timidum
796 829 879 890 lacis.

117 927 172 988 ego
196 928 261 972 esse
285 912 442 991 quicquam
465 921 581 992 sceptra
604 911 662 973 nisi
683 931 758 974 rano
781 924 881 994 putem
902 978 906 985 ,

115 994 233 1074 fulgore
256 1005 365 1057 tectum
388 1016 498 1058 nomen
520 1004 549 1058 et
569 997 643 1058 falso
668 1016 779 1060 cumam

117 1079 214 1141 vinclo
239 1080 414 1143 decentem?
459 1100 544 1142 casus
566 1082 639 1143 haee
660 1083 755 1162 rapiet
777 1083 882 1159 brevis,

118 1184 174 1226 nec
195 1166 276 1227 mille
298 1168 398 1228 forsan
421 1167 532 1228 ratibus
554 1175 606 1229 aut
626 1168 713 1229 annis
736 1169 847 1229 decem.

117 1251 253 1331 equidem
277 1251 390 1314 fatebor
411 1254 494 1331 (pace
516 1251 623 1312 dixisse
645 1253 702 1312 hoc
724 1263 783 1327 tua,

117 1336 223 1414 Argiva
245 1337 342 1413 tellus,
365 1336 463 1412 liceat)
484 1337 573 1415 affligi
596 1336 727 1417 Phrygas

116 1421 255 1500 vincique
276 1421 370 1483 volui:
395 1439 482 1482 ruere
503 1430 533 1481 et
555 1423 673 1500 aequari
697 1423 760 1483 solu

118 1507 229 1567 utinam
252 1507 421 1568 arcuissem.
466 1506 517 1567 sed
540 1506 602 1584 regi
625 1508 716 1568 irenis
739 1506 843 1586 nequit

118 1600 146 1652 et
168 1592 211 1651 ira
234 1600 263 1652 et
284 1591 391 1652 ardens
413 1590 506 1651 hostis
529 1600 558 1651 et
579 1591 699 1652 victoria

118 1675 272 1737 commissa
294 1676 384 1737 noeti.
428 1675 571 1755 quidquid
593 1676 749 1756 indignum
773 1685 822 1736 aut
846 1674 941 1735 lerum

118 1763 256 1840 cuiquam
277 1761 369 1822 videri
392 1760 497 1840 potuit,
519 1761 577 1822 hoe
599 1762 669 1822 lecit
691 1761 775 1822 dnlnr

118 1846 325 1925 tenebraeque,
349 1864 404 1925 per
425 1864 498 1924 quas
521 1846 585 1925 ipse
606 1864 638 1908 se
660 1846 755 1907 irritat
777 1845 869 1918 luror,

118 1931 292 2010 gladiusque
314 1931 392 2004 felix,
416 1929 502 1991 cuius
524 1931 624 1993 inlecti
648 1931 739 1993 semel

118 2034 219 2077 vecors
242 2015 331 2076 libido
355 2025 408 2077 est.
453 2015 596 2095 quidquid
619 2034 736 2078 eversae
759 2023 856 2095 potest

117 2119 273 2181 superesse
297 2100 412 2175 Troiae,
435 2108 566 2162 maneat:
591 2111 723 2162 exactum
746 2100 816 2161 satis

117 2203 281 2265 poenarum
305 2194 334 2246 et
355 2185 431 2248 ultra
455 2194 511 2247 est.
555 2188 634 2266 regia
658 2196 691 2246 ut
712 2186 794 2264 virgo
819 2184 933 2246 occidat

118 2272 292 2350 tumuloque
314 2271 426 2332 dunum
449 2271 536 2332 detur
558 2280 587 2332 et
609 2271 724 2332 cineres
747 2271 822 2348 riget

119 2365 148 2417 et
169 2357 283 2417 lacinus
306 2365 389 2416 atrox
411 2355 507 2416 caedis
530 2366 562 2418 ut
585 2356 726 2418 thalamos
748 2365 864 2430 vocent,

119 2459 179 2502 non
203 2443 305 2520 patiar.
349 2441 380 2501 in
403 2459 450 2502 me
472 2440 558 2520 culpa
582 2450 758 2502 cunctorum
781 2439 872 2501 redit:

47 2553 53 2559 ·
119 2527 168 2604 qui
194 2546 254 2587 non
278 2534 354 2587 vetat
376 2544 508 2605 peecare,
532 2545 599 2587 eum
622 2526 726 2606 possit,
750 2524 841 2586 iubet.

117 2630 219 2672 runnu.
250 2610 410 2673 Nullumne
433 2611 554 2672 Achillis
576 2611 738 2692 praemium
760 2627 862 2671 manes
883 2606 1001 2671 lerent‘l

118 2715 204 2757 asin.
249 2697 367 2771 Ferent,
390 2705 419 2757 et
440 2696 522 2757 illum
546 2696 682 2758 laudibus
705 2695 803 2762 cuncti
827 2704 935 2757 canent

118 2800 318 2861 magnumque
340 2790 437 2841 terrae
459 2799 568 2842 numen
591 2781 710 2859 ignotae
732 2780 860 2842 audient.

120 2867 200 2946 quod
222 2867 247 2927 si
269 2866 381 2927 levatur
403 2867 546 2945 sanguine
569 2866 668 2927 inluso
690 2865 776 2939 cinis,

120 2952 218 3031 opima
241 2950 359 3031 Phrygii
383 2950 457 3012 colla
480 2950 639 3012 caedantur
661 2969 766 3029 greges

119 3037 249 3116 fluatque
271 3035 344 3097 nulli
367 3035 473 3097 flebilis
496 3036 581 3098 matri
603 3053 703 3098 cruor,

119 3121 187 3200 quis
208 3121 263 3183 iste
285 3139 350 3181 mus
372 3119 439 3182 est?
469 3122 586 3201 quando
609 3121 640 3181 in
663 3119 784 3181 inferias
806 3118 894 3178 homo
918 3125 963 3178 est

120 3206 273 3286 impensus
294 3203 448 3267 hominis?
493 3206 612 3267 detrahe
634 3204 771 3266 invidiam
794 3212 845 3265 tuo

120 3421 174 3457 non
192 3406 309 3458 omnibus
326 3405 428 3458 fortuna
447 3411 498 3457 tam
516 3405 586 3456 lenta
604 3404 718 3455 imminet
1145 3402 1193 3452 ntt'

205 3576 254 3627 269
278 3574 320 3625 alii
337 3574 363 3624 A
415 3576 464 3626 273
483 3573 567 3624 vinclo
585 3575 714 3638 tegentem
732 3573 758 3635 ς.
776 3599 810 3608 -
827 3569 930 3635 rapit&
984 3568 1035 3620 274
1056 3566 1150 3619 farsam
1167 3565 1194 3617 E

120 3645 169 3695 tta
188 3644 317 3694 antelli
336 3643 367 3693 Ε.
403 3642 494 3692 delevi.
522 3640 557 3702 ef.
575 3641 596 3705 1,
614 3640 648 3692 35
717 3642 766 3691 279
786 3637 861 3689 etiam
880 3637 1021 3703 arguissem
1038 3635 1114 3687 codd.
1133 3651 1191 3686 eor·

120 3713 193 3762 remit
209 3709 362 3775 Madvigius
380 3710 439 3761 adu.
458 3709 487 3759 11
502 3725 528 3774 p.
548 3707 598 3760 120
616 3707 762 3769 (arruissem
781 3706 900 3770 Lipsius)
979 3705 1029 3758 288
1053 3719 1081 3756 se
1099 3719 1150 3756 om.
1168 3702 1193 3754 Ε

119 3779 175 3844 ipse
193 3781 281 3843 σηις
367 3780 417 3830 288
441 3776 603 3842 tumultuque
620 3774 656 3837 Ε,
681 3775 728 3825 sed
748 3779 759 3826 t
776 3778 901 3840 amptruet.
986 3775 1037 3826 289
1060 3786 1149 3824 vocem
1168 3771 1194 3821 A

120 3848 169 3899 298
188 3845 265 3898 ciuis:
283 3846 333 3898 inis
350 3849 369 3897 i.
388 3862 441 3896 ras.
460 3844 535 3896 totid.
555 3845 605 3894 litt
624 3843 691 3895 2-1
709 3858 744 3894 m.
763 3841 787 3893 n·
868 3843 918 3895 296
935 3841 1022 3908 gregis
1040 3840 1116 3892 codd„
1135 3855 1194 3891 enr-

120 3919 193 3966 reoeit
209 3913 388 3965 uenturam
456 3915 506 3967 298
525 3912 569 3978 qui
587 3911 610 3962 Ε
641 3911 723 3976 vulga
740 3913 780 3962 sie
798 3912 1007 3976 interpamgunt:
1026 3913 1072 3974 est,
1090 3906 1194 3975 quaudo

120 3984 169 4036 299
193 3981 291 4034 homini
307 3982 333 4032 A
