<?xml version="1.0" encoding="UTF-8"?>
<!DOCTYPE html PUBLIC "-//W3C//DTD XHTML 1.0 Transitional//EN"
    "http://www.w3.org/TR/xhtml1/DTD/xhtml1-transitional.dtd">
<html xmlns="http://www.w3.org/1999/xhtml" xml:lang="en" lang="en">
 <head>
  <title>
</title>
<meta http-equiv="Content-Type" content="text/html;charset=utf-8" />
  <meta name='ocr-system' content='tesseract 3.04.00' />
  <meta name='ocr-capabilities' content='ocr_page ocr_carea ocr_par ocr_line ocrx_word'/>
</head>
<body>
  <div class='ocr_page' id='page_1' title='image "./tragoediae00leogoog_0548.png"; bbox 0 0 2580 4366; ppageno 0'>
   <div class='ocr_carea' id='block_1_1' title="bbox 573 221 713 268">
    <p class='ocr_par' dir='ltr' id='par_1_1' title="bbox 573 221 713 268">
     <span class='ocr_line' id='line_1_1' title="bbox 573 221 713 268; baseline 0.007 -3"><span class='ocrx_word' id='word_1_1' title='bbox 573 221 713 268; x_wconf 68' lang='lat' dir='ltr'><strong>THYES&#39;OES</strong></span> 
     </span>
    </p>
   </div>
   <div class='ocr_carea' id='block_1_2' title="bbox 150 374 885 1560">
    <p class='ocr_par' dir='ltr' id='par_1_2' title="bbox 150 374 826 711">
     <span class='ocr_line' id='line_1_2' title="bbox 150 374 791 456; baseline -0.002 -19"><span class='ocrx_word' id='word_1_2' title='bbox 150 404 155 409; x_wconf 94' lang='lat'>·</span> <span class='ocrx_word' id='word_1_3' title='bbox 236 394 403 456; x_wconf 79' lang='lat' dir='ltr'><strong>magnoque</strong></span> <span class='ocrx_word' id='word_1_4' title='bbox 417 375 522 436; x_wconf 73' lang='lat' dir='ltr'>‘minor</span> <span class='ocrx_word' id='word_1_5' title='bbox 543 374 643 436; x_wconf 78' lang='lat' dir='ltr'><strong>iuncte</strong></span> <span class='ocrx_word' id='word_1_6' title='bbox 664 374 791 438; x_wconf 82' lang='lat' dir='ltr'><strong>Draconi</strong></span> 
     </span>
     <span class='ocr_line' id='line_1_3' title="bbox 234 460 796 541; baseline -0.002 -19"><span class='ocrx_word' id='word_1_7' title='bbox 234 462 339 541; x_wconf 82' lang='lat' dir='ltr'>frigida</span> <span class='ocrx_word' id='word_1_8' title='bbox 360 462 434 521; x_wconf 83' lang='lat' dir='ltr'>duro</span> <span class='ocrx_word' id='word_1_9' title='bbox 457 461 608 540; x_wconf 74' lang='lat' dir='ltr'>Cynosura</span> <span class='ocrx_word' id='word_1_10' title='bbox 631 460 710 539; x_wconf 81' lang='lat' dir='ltr'><strong>gelu,</strong></span> <span class='ocrx_word' id='word_1_11' title='bbox 794 466 796 473; x_wconf 89' lang='lat'>&#39;</span> 
     </span>
     <span class='ocr_line' id='line_1_4' title="bbox 237 544 729 626; baseline -0.002 -18"><span class='ocrx_word' id='word_1_12' title='bbox 237 557 394 626; x_wconf 84' lang='lat' dir='ltr'><strong>custosque</strong></span> <span class='ocrx_word' id='word_1_13' title='bbox 415 546 461 606; x_wconf 85' lang='lat' dir='ltr'><strong>sui</strong></span> <span class='ocrx_word' id='word_1_14' title='bbox 483 545 583 606; x_wconf 77' lang='lat' dir='ltr'><strong>tardus</strong></span> <span class='ocrx_word' id='word_1_15' title='bbox 605 544 729 626; x_wconf 74' lang='lat' dir='ltr'><strong>plaustri</strong></span> 
     </span>
     <span class='ocr_line' id='line_1_5' title="bbox 235 630 826 711; baseline 0.002 -18"><span class='ocrx_word' id='word_1_16' title='bbox 235 632 292 693; x_wconf 84' lang='lat' dir='ltr'><strong>iam</strong></span> <span class='ocrx_word' id='word_1_17' title='bbox 315 649 376 691; x_wconf 88' lang='lat' dir='ltr'><strong>nen</strong></span> <span class='ocrx_word' id='word_1_18' title='bbox 398 630 509 691; x_wconf 85' lang='lat' dir='ltr'><strong>stabilis</strong></span> <span class='ocrx_word' id='word_1_19' title='bbox 530 639 597 691; x_wconf 84' lang='lat' dir='ltr'><strong>ruet</strong></span> <span class='ocrx_word' id='word_1_20' title='bbox 619 630 826 711; x_wconf 72' lang='lat' dir='ltr'><strong>Arctophylax.</strong></span> 
     </span>
    </p>

    <p class='ocr_par' dir='ltr' id='par_1_3' title="bbox 235 714 885 1560">
     <span class='ocr_line' id='line_1_6' title="bbox 311 714 885 799; baseline 0.002 -23"><span class='ocrx_word' id='word_1_21' title='bbox 311 716 373 776; x_wconf 87' lang='lat' dir='ltr'><strong>Nos</strong></span> <span class='ocrx_word' id='word_1_22' title='bbox 395 734 411 776; x_wconf 91' lang='lat' dir='ltr'><strong>e</strong></span> <span class='ocrx_word' id='word_1_23' title='bbox 433 716 590 789; x_wconf 69' lang='lat' dir='ltr'><strong>tentotisi</strong></span> <span class='ocrx_word' id='word_1_24' title='bbox 612 714 770 799; x_wconf 52' lang='lat' dir='ltr'><strong>populo*</strong></span> <span class='ocrx_word' id='word_1_25' title='bbox 883 718 885 723; x_wconf 83' lang='lat'>&#39;</span> 
     </span>
     <span class='ocr_line' id='line_1_7' title="bbox 235 801 707 881; baseline 0.002 -20"><span class='ocrx_word' id='word_1_26' title='bbox 235 801 316 879; x_wconf 85' lang='lat' dir='ltr'>digni</span> <span class='ocrx_word' id='word_1_27' title='bbox 339 808 487 881; x_wconf 79' lang='lat' dir='ltr'><strong>premeret</strong></span> <span class='ocrx_word' id='word_1_28' title='bbox 508 803 583 879; x_wconf 68' lang='lat' dir='ltr'><strong>(sitos</strong></span> <span class='ocrx_word' id='word_1_29' title='bbox 606 815 707 862; x_wconf 80' lang='lat' dir='ltr'><strong>everso</strong></span> 
     </span>
     <span class='ocr_line' id='line_1_8' title="bbox 236 883 527 947; baseline -0.007 0"><span class='ocrx_word' id='word_1_30' title='bbox 236 886 354 947; x_wconf 84' lang='lat' dir='ltr'><strong>cardine</strong></span> <span class='ocrx_word' id='word_1_31' title='bbox 375 883 527 946; x_wconf 78' lang='lat' dir='ltr'><strong>mundus?</strong></span> 
     </span>
     <span class='ocr_line' id='line_1_9' title="bbox 236 969 694 1033; baseline 0.002 -3"><span class='ocrx_word' id='word_1_32' title='bbox 236 971 267 1032; x_wconf 88' lang='lat' dir='ltr'><strong>in</strong></span> <span class='ocrx_word' id='word_1_33' title='bbox 291 989 347 1031; x_wconf 87' lang='lat' dir='ltr'><strong>nos</strong></span> <span class='ocrx_word' id='word_1_34' title='bbox 367 980 446 1031; x_wconf 77' lang='lat' dir='ltr'><strong>aetas</strong></span> <span class='ocrx_word' id='word_1_35' title='bbox 467 969 570 1033; x_wconf 76' lang='lat' dir='ltr'>ultima</span> <span class='ocrx_word' id='word_1_36' title='bbox 591 969 694 1033; x_wconf 77' lang='lat' dir='ltr'><strong>venit?</strong></span> 
     </span>
     <span class='ocr_line' id='line_1_10' title="bbox 236 1056 738 1134; baseline 0.002 -19"><span class='ocrx_word' id='word_1_37' title='bbox 236 1056 426 1116; x_wconf 83' lang='lat' dir='ltr'><strong>onosdura</strong></span> <span class='ocrx_word' id='word_1_38' title='bbox 448 1064 675 1134; x_wconf 69' lang='lat' dir='ltr'><strong>temeritates,</strong></span> <span class='ocrx_word' id='word_1_39' title='bbox 730 1089 738 1102; x_wconf 43' lang='grc' dir='ltr'>κ</span> 
     </span>
     <span class='ocr_line' id='line_1_11' title="bbox 236 1140 738 1220; baseline 0.002 -19"><span class='ocrx_word' id='word_1_40' title='bbox 236 1158 288 1201; x_wconf 90' lang='lat' dir='ltr'><strong>seu</strong></span> <span class='ocrx_word' id='word_1_41' title='bbox 311 1140 491 1220; x_wconf 83' lang='lat' dir='ltr'>perdidimus</span> <span class='ocrx_word' id='word_1_42' title='bbox 512 1141 606 1210; x_wconf 84' lang='lat' dir='ltr'><strong>soiem</strong></span> <span class='ocrx_word' id='word_1_43' title='bbox 627 1140 738 1214; x_wconf 85' lang='lat' dir='ltr'><strong>miseri,</strong></span> 
     </span>
     <span class='ocr_line' id='line_1_12' title="bbox 236 1225 662 1306; baseline 0.005 -21"><span class='ocrx_word' id='word_1_44' title='bbox 236 1225 294 1286; x_wconf 86' lang='lat' dir='ltr'><strong>sive</strong></span> <span class='ocrx_word' id='word_1_45' title='bbox 318 1225 498 1306; x_wconf 83' lang='lat' dir='ltr'><strong>expulimusi</strong></span> <span class='ocrx_word' id='word_1_46' title='bbox 659 1294 662 1301; x_wconf 52' lang='grc'><em>,</em></span> 
     </span>
     <span class='ocr_line' id='line_1_13' title="bbox 237 1311 778 1390; baseline 0 -20"><span class='ocrx_word' id='word_1_47' title='bbox 237 1311 343 1372; x_wconf 81' lang='lat' dir='ltr'><strong>abeant</strong></span> <span class='ocrx_word' id='word_1_48' title='bbox 365 1320 497 1390; x_wconf 85' lang='lat' dir='ltr'><strong>questus,</strong></span> <span class='ocrx_word' id='word_1_49' title='bbox 520 1311 647 1384; x_wconf 82' lang='lat' dir='ltr'><strong>discede,</strong></span> <span class='ocrx_word' id='word_1_50' title='bbox 670 1311 778 1371; x_wconf 88' lang='lat' dir='ltr'>timor:</span> 
     </span>
     <span class='ocr_line' id='line_1_14' title="bbox 235 1395 823 1476; baseline 0.005 -21"><span class='ocrx_word' id='word_1_51' title='bbox 235 1396 310 1457; x_wconf 79' lang='lat' dir='ltr'><strong>vitae</strong></span> <span class='ocrx_word' id='word_1_52' title='bbox 333 1403 377 1456; x_wconf 85' lang='lat' dir='ltr'><strong>est</strong></span> <span class='ocrx_word' id='word_1_53' title='bbox 398 1396 499 1458; x_wconf 76' lang='lat' dir='ltr'><strong>avidus</strong></span> <span class='ocrx_word' id='word_1_54' title='bbox 521 1395 655 1476; x_wconf 87' lang='lat' dir='ltr'><strong>quisquis</strong></span> <span class='ocrx_word' id='word_1_55' title='bbox 677 1412 738 1456; x_wconf 85' lang='lat' dir='ltr'><strong>non</strong></span> <span class='ocrx_word' id='word_1_56' title='bbox 760 1396 823 1458; x_wconf 82' lang='lat' dir='ltr'><strong>vult</strong></span> 
     </span>
     <span class='ocr_line' id='line_1_15' title="bbox 236 1481 850 1560; baseline 0 -19"><span class='ocrx_word' id='word_1_57' title='bbox 236 1482 347 1542; x_wconf 88' lang='lat' dir='ltr'><strong>mundo</strong></span> <span class='ocrx_word' id='word_1_58' title='bbox 370 1498 471 1541; x_wconf 85' lang='lat' dir='ltr'><strong>seeum</strong></span> <span class='ocrx_word' id='word_1_59' title='bbox 493 1485 638 1560; x_wconf 79' lang='lat' dir='ltr'><strong>pereunte</strong></span> <span class='ocrx_word' id='word_1_60' title='bbox 658 1481 745 1542; x_wconf 83' lang='lat' dir='ltr'>mori.</span> <span class='ocrx_word' id='word_1_61' title='bbox 847 1483 850 1486; x_wconf 85' lang='grc'><strong>’</strong></span> 
     </span>
    </p>
   </div>
   <div class='ocr_carea' id='block_1_3' title="bbox 397 1630 546 1692">
    <p class='ocr_par' dir='ltr' id='par_1_4' title="bbox 397 1630 546 1692">
     <span class='ocr_line' id='line_1_16' title="bbox 397 1630 546 1692; baseline 0.007 -1"><span class='ocrx_word' id='word_1_62' title='bbox 397 1630 546 1692; x_wconf 79' lang='lat' dir='ltr'>ATREVS</span> 
     </span>
    </p>
   </div>
   <div class='ocr_carea' id='block_1_4' title="bbox 66 1733 907 3258">
    <p class='ocr_par' dir='ltr' id='par_1_5' title="bbox 66 1733 907 3258">
     <span class='ocr_line' id='line_1_17' title="bbox 193 1733 885 1820; baseline 0.004 -27"><span class='ocrx_word' id='word_1_63' title='bbox 193 1733 330 1813; x_wconf 72' lang='lat' dir='ltr'>Aequalis</span> <span class='ocrx_word' id='word_1_64' title='bbox 352 1733 437 1793; x_wconf 77' lang='lat' dir='ltr'><strong>astris</strong></span> <span class='ocrx_word' id='word_1_65' title='bbox 459 1733 576 1811; x_wconf 79' lang='lat' dir='ltr'>gradior</span> <span class='ocrx_word' id='word_1_66' title='bbox 598 1742 627 1794; x_wconf 88' lang='lat' dir='ltr'><strong>et</strong></span> <span class='ocrx_word' id='word_1_67' title='bbox 648 1744 885 1820; x_wconf 78' lang='lat' dir='ltr'><strong>cunctossuper</strong></span> 
     </span>
     <span class='ocr_line' id='line_1_18' title="bbox 107 1817 783 1900; baseline 0 -20"><span class='ocrx_word' id='word_1_68' title='bbox 107 1819 199 1880; x_wconf 81' lang='lat' dir='ltr'><strong>altum</strong></span> <span class='ocrx_word' id='word_1_69' title='bbox 221 1819 350 1899; x_wconf 84' lang='lat' dir='ltr'><strong>superbo</strong></span> <span class='ocrx_word' id='word_1_70' title='bbox 372 1817 480 1879; x_wconf 77' lang='lat' dir='ltr'><strong>vertice</strong></span> <span class='ocrx_word' id='word_1_71' title='bbox 501 1818 649 1896; x_wconf 81' lang='lat' dir='ltr'><strong>attingens</strong></span> <span class='ocrx_word' id='word_1_72' title='bbox 671 1818 783 1900; x_wconf 88' lang='lat' dir='ltr'>poium.</span> 
     </span>
     <span class='ocr_line' id='line_1_19' title="bbox 107 1903 903 1986; baseline 0 -22"><span class='ocrx_word' id='word_1_73' title='bbox 107 1921 190 1964; x_wconf 86' lang='lat' dir='ltr'><strong>nune</strong></span> <span class='ocrx_word' id='word_1_74' title='bbox 212 1903 318 1964; x_wconf 83' lang='lat' dir='ltr'><strong>decora</strong></span> <span class='ocrx_word' id='word_1_75' title='bbox 340 1903 425 1982; x_wconf 82' lang='lat' dir='ltr'><strong>regni</strong></span> <span class='ocrx_word' id='word_1_76' title='bbox 448 1911 545 1975; x_wconf 86' lang='lat' dir='ltr'><strong>teneo,</strong></span> <span class='ocrx_word' id='word_1_77' title='bbox 569 1918 651 1964; x_wconf 86' lang='lat' dir='ltr'><strong>nune</strong></span> <span class='ocrx_word' id='word_1_78' title='bbox 672 1903 779 1964; x_wconf 87' lang='lat' dir='ltr'>soiium</span> <span class='ocrx_word' id='word_1_79' title='bbox 802 1903 903 1986; x_wconf 81' lang='lat' dir='ltr'><strong>patris.</strong></span> 
     </span>
     <span class='ocr_line' id='line_1_20' title="bbox 108 1988 794 2068; baseline -0.001 -19"><span class='ocrx_word' id='word_1_80' title='bbox 108 1988 224 2049; x_wconf 82' lang='lat' dir='ltr'><strong>dimitto</strong></span> <span class='ocrx_word' id='word_1_81' title='bbox 246 2006 386 2068; x_wconf 82' lang='lat' dir='ltr'><strong>superos:</strong></span> <span class='ocrx_word' id='word_1_82' title='bbox 409 2005 522 2049; x_wconf 82' lang='lat' dir='ltr'><strong>summa</strong></span> <span class='ocrx_word' id='word_1_83' title='bbox 544 1997 681 2049; x_wconf 80' lang='lat' dir='ltr'><strong>votorum</strong></span> <span class='ocrx_word' id='word_1_84' title='bbox 703 1990 794 2068; x_wconf 80' lang='lat' dir='ltr'><strong>attigi.</strong></span> 
     </span>
     <span class='ocr_line' id='line_1_21' title="bbox 107 2072 900 2146; baseline 0.004 -13"><span class='ocrx_word' id='word_1_85' title='bbox 107 2073 184 2134; x_wconf 87' lang='lat' dir='ltr'><strong>bene</strong></span> <span class='ocrx_word' id='word_1_86' title='bbox 207 2082 260 2146; x_wconf 87' lang='lat' dir='ltr'><strong>est,</strong></span> <span class='ocrx_word' id='word_1_87' title='bbox 283 2072 401 2134; x_wconf 84' lang='lat' dir='ltr'>abunde</span> <span class='ocrx_word' id='word_1_88' title='bbox 423 2082 475 2145; x_wconf 87' lang='lat' dir='ltr'><strong>est,</strong></span> <span class='ocrx_word' id='word_1_89' title='bbox 497 2073 555 2133; x_wconf 84' lang='lat' dir='ltr'><strong>iam</strong></span> <span class='ocrx_word' id='word_1_90' title='bbox 576 2082 622 2134; x_wconf 81' lang='lat' dir='ltr'><strong>sat</strong></span> <span class='ocrx_word' id='word_1_91' title='bbox 643 2084 688 2134; x_wconf 86' lang='lat' dir='ltr'><strong>est</strong></span> <span class='ocrx_word' id='word_1_92' title='bbox 710 2073 795 2134; x_wconf 81' lang='lat' dir='ltr'><strong>etiam</strong></span> <span class='ocrx_word' id='word_1_93' title='bbox 817 2073 900 2138; x_wconf 89' lang='lat' dir='ltr'>mihi.</span> 
     </span>
     <span class='ocr_line' id='line_1_22' title="bbox 66 2155 849 2244; baseline 0.001 -25"><span class='ocrx_word' id='word_1_94' title='bbox 66 2223 73 2244; x_wconf 48' lang='grc' dir='ltr'><strong><em>Ι</em></strong></span> <span class='ocrx_word' id='word_1_95' title='bbox 109 2160 159 2219; x_wconf 91' lang='lat' dir='ltr'><strong>sed</strong></span> <span class='ocrx_word' id='word_1_96' title='bbox 181 2176 235 2220; x_wconf 83' lang='lat' dir='ltr'><strong>eur</strong></span> <span class='ocrx_word' id='word_1_97' title='bbox 256 2158 327 2219; x_wconf 82' lang='lat' dir='ltr'><strong>setis</strong></span> <span class='ocrx_word' id='word_1_98' title='bbox 349 2155 410 2219; x_wconf 78' lang='lat' dir='ltr'><strong>sit?</strong></span> <span class='ocrx_word' id='word_1_99' title='bbox 439 2177 477 2218; x_wconf 86' lang='lat' dir='ltr'><strong>ne</strong></span> <span class='ocrx_word' id='word_1_100' title='bbox 499 2158 570 2239; x_wconf 89' lang='lat' dir='ltr'>quid</span> <span class='ocrx_word' id='word_1_101' title='bbox 593 2158 722 2220; x_wconf 81' lang='lat' dir='ltr'><strong>obstaret</strong></span> <span class='ocrx_word' id='word_1_102' title='bbox 743 2158 849 2241; x_wconf 81' lang='lat' dir='ltr'>pudor,</span> 
     </span>
     <span class='ocr_line' id='line_1_23' title="bbox 109 2242 776 2323; baseline 0 -19"><span class='ocrx_word' id='word_1_103' title='bbox 109 2243 172 2304; x_wconf 87' lang='lat' dir='ltr'><strong>dies</strong></span> <span class='ocrx_word' id='word_1_104' title='bbox 192 2244 329 2305; x_wconf 79' lang='lat' dir='ltr'><strong>recessit:</strong></span> <span class='ocrx_word' id='word_1_105' title='bbox 352 2261 443 2323; x_wconf 84' lang='lat' dir='ltr'><strong>perge</strong></span> <span class='ocrx_word' id='word_1_106' title='bbox 465 2243 535 2304; x_wconf 88' lang='lat' dir='ltr'><strong>dum</strong></span> <span class='ocrx_word' id='word_1_107' title='bbox 551 2242 664 2304; x_wconf 82' lang='lat' dir='ltr'><strong>eaeiu&#39;m</strong></span> <span class='ocrx_word' id='word_1_108' title='bbox 686 2253 776 2306; x_wconf 77' lang='lat' dir='ltr'><strong>vacet.</strong></span> 
     </span>
     <span class='ocr_line' id='line_1_24' title="bbox 107 2328 745 2408; baseline 0.002 -19"><span class='ocrx_word' id='word_1_109' title='bbox 107 2328 220 2390; x_wconf 81' lang='lat' dir='ltr'>utinam</span> <span class='ocrx_word' id='word_1_110' title='bbox 243 2328 361 2408; x_wconf 87' lang='lat' dir='ltr'><strong>quidem</strong></span> <span class='ocrx_word' id='word_1_111' title='bbox 383 2337 484 2389; x_wconf 83' lang='lat' dir='ltr'><strong>tenere</strong></span> <span class='ocrx_word' id='word_1_112' title='bbox 506 2328 653 2407; x_wconf 77' lang='lat' dir='ltr'><strong>fugientes</strong></span> <span class='ocrx_word' id='word_1_113' title='bbox 673 2328 745 2390; x_wconf 86' lang='lat' dir='ltr'><strong>deos</strong></span> 
     </span>
     <span class='ocr_line' id='line_1_25' title="bbox 109 2411 907 2497; baseline 0.006 -25"><span class='ocrx_word' id='word_1_114' title='bbox 109 2431 228 2494; x_wconf 90' lang='lat' dir='ltr'><strong>possem</strong></span> <span class='ocrx_word' id='word_1_115' title='bbox 251 2422 279 2474; x_wconf 87' lang='lat' dir='ltr'><strong>et</strong></span> <span class='ocrx_word' id='word_1_116' title='bbox 301 2422 419 2474; x_wconf 80' lang='lat' dir='ltr'><strong>coaetos</strong></span> <span class='ocrx_word' id='word_1_117' title='bbox 440 2414 565 2486; x_wconf 79' lang='lat' dir='ltr'><strong>trahere,</strong></span> <span class='ocrx_word' id='word_1_118' title='bbox 588 2423 622 2476; x_wconf 85' lang='lat' dir='ltr'><strong>ut</strong></span> <span class='ocrx_word' id='word_1_119' title='bbox 643 2411 779 2477; x_wconf 68' lang='lat' dir='ltr'><strong>uitticem</strong></span> <span class='ocrx_word' id='word_1_120' title='bbox 802 2416 907 2497; x_wconf 85' lang='lat' dir='ltr'>dapem</span> 
     </span>
     <span class='ocr_line' id='line_1_26' title="bbox 109 2499 903 2581; baseline 0.004 -23"><span class='ocrx_word' id='word_1_121' title='bbox 109 2517 213 2559; x_wconf 87' lang='lat' dir='ltr'><strong>omnes</strong></span> <span class='ocrx_word' id='word_1_122' title='bbox 233 2499 367 2559; x_wconf 85' lang='lat' dir='ltr'><strong>viderent</strong></span> <span class='ocrx_word' id='word_1_123' title='bbox 387 2532 430 2542; x_wconf 92' lang='lat'><em>-</em></span> <span class='ocrx_word' id='word_1_124' title='bbox 452 2499 531 2577; x_wconf 87' lang='lat' dir='ltr'>quod</span> <span class='ocrx_word' id='word_1_125' title='bbox 553 2507 598 2560; x_wconf 82' lang='lat' dir='ltr'><strong>sat</strong></span> <span class='ocrx_word' id='word_1_126' title='bbox 619 2511 673 2573; x_wconf 82' lang='lat' dir='ltr'><strong>est,</strong></span> <span class='ocrx_word' id='word_1_127' title='bbox 695 2500 789 2562; x_wconf 84' lang='lat' dir='ltr'><strong>videat</strong></span> <span class='ocrx_word' id='word_1_128' title='bbox 810 2510 903 2581; x_wconf 78' lang='lat' dir='ltr'><strong>pater.</strong></span> 
     </span>
     <span class='ocr_line' id='line_1_27' title="bbox 108 2583 743 2646; baseline 0 -2"><span class='ocrx_word' id='word_1_129' title='bbox 108 2583 197 2645; x_wconf 79' lang='lat' dir='ltr'><strong>etiem</strong></span> <span class='ocrx_word' id='word_1_130' title='bbox 220 2583 266 2644; x_wconf 91' lang='lat' dir='ltr'><strong>die</strong></span> <span class='ocrx_word' id='word_1_131' title='bbox 289 2583 409 2644; x_wconf 85' lang='lat' dir='ltr'><strong>nolente</strong></span> <span class='ocrx_word' id='word_1_132' title='bbox 431 2583 584 2644; x_wconf 81' lang='lat' dir='ltr'><strong>discutiam</strong></span> <span class='ocrx_word' id='word_1_133' title='bbox 606 2583 660 2646; x_wconf 88' lang='lat' dir='ltr'><strong>tibi</strong></span> <span class='ocrx_word' id='word_1_134' title='bbox 687 2610 690 2616; x_wconf 92' lang='lat'><em>·</em></span> <span class='ocrx_word' id='word_1_135' title='bbox 740 2615 743 2619; x_wconf 96' lang='lat'>·</span> 
     </span>
     <span class='ocr_line' id='line_1_28' title="bbox 110 2668 856 2748; baseline 0.003 -19"><span class='ocrx_word' id='word_1_136' title='bbox 110 2668 256 2743; x_wconf 83' lang='lat' dir='ltr'><strong>tenebras,</strong></span> <span class='ocrx_word' id='word_1_137' title='bbox 278 2669 413 2728; x_wconf 83' lang='lat' dir='ltr'><strong>miseriae</strong></span> <span class='ocrx_word' id='word_1_138' title='bbox 436 2669 491 2729; x_wconf 88' lang='lat' dir='ltr'><strong>sub</strong></span> <span class='ocrx_word' id='word_1_139' title='bbox 514 2669 622 2748; x_wconf 88' lang='lat' dir='ltr'>quibus</span> <span class='ocrx_word' id='word_1_140' title='bbox 642 2669 757 2733; x_wconf 82' lang='lat' dir='ltr'><strong>latitant</strong></span> <span class='ocrx_word' id='word_1_141' title='bbox 780 2679 856 2731; x_wconf 79' lang='lat' dir='ltr'><strong>tuae.</strong></span> 
     </span>
     <span class='ocr_line' id='line_1_29' title="bbox 109 2753 643 2814; baseline -0.002 0"><span class='ocrx_word' id='word_1_142' title='bbox 109 2753 199 2814; x_wconf 87' lang='lat' dir='ltr'>nimis</span> <span class='ocrx_word' id='word_1_143' title='bbox 221 2754 271 2814; x_wconf 88' lang='lat' dir='ltr'><strong>diu</strong></span> <span class='ocrx_word' id='word_1_144' title='bbox 294 2753 415 2814; x_wconf 84' lang='lat' dir='ltr'>conviva</span> <span class='ocrx_word' id='word_1_145' title='bbox 438 2771 542 2813; x_wconf 81' lang='lat' dir='ltr'><strong>securo</strong></span> <span class='ocrx_word' id='word_1_146' title='bbox 565 2754 643 2814; x_wconf 81' lang='lat' dir='ltr'><strong>iaces</strong></span> 
     </span>
     <span class='ocr_line' id='line_1_30' title="bbox 108 2837 860 2918; baseline 0.001 -19"><span class='ocrx_word' id='word_1_147' title='bbox 108 2838 253 2918; x_wconf 82' lang='lat' dir='ltr'>hilarique</span> <span class='ocrx_word' id='word_1_148' title='bbox 274 2839 368 2909; x_wconf 74' lang='lat' dir='ltr'><strong>vultu,</strong></span> <span class='ocrx_word' id='word_1_149' title='bbox 390 2838 447 2898; x_wconf 80' lang='lat' dir='ltr'><strong>iem</strong></span> <span class='ocrx_word' id='word_1_150' title='bbox 469 2837 539 2898; x_wconf 82' lang='lat' dir='ltr'><strong>satis</strong></span> <span class='ocrx_word' id='word_1_151' title='bbox 562 2838 672 2899; x_wconf 79' lang='lat' dir='ltr'>mensis</span> <span class='ocrx_word' id='word_1_152' title='bbox 693 2838 793 2900; x_wconf 83' lang='lat' dir='ltr'><strong>datum</strong></span> <span class='ocrx_word' id='word_1_153' title='bbox 816 2847 860 2900; x_wconf 88' lang='lat' dir='ltr'><strong>est</strong></span> 
     </span>
     <span class='ocr_line' id='line_1_31' title="bbox 107 2922 869 3004; baseline -0.004 -19"><span class='ocrx_word' id='word_1_154' title='bbox 107 2925 236 3004; x_wconf 84' lang='lat' dir='ltr'><strong>satisque</strong></span> <span class='ocrx_word' id='word_1_155' title='bbox 258 2923 390 2984; x_wconf 76' lang='lat' dir='ltr'>Baccho:</span> <span class='ocrx_word' id='word_1_156' title='bbox 413 2922 512 2984; x_wconf 87' lang='lat' dir='ltr'>sobrio</span> <span class='ocrx_word' id='word_1_157' title='bbox 534 2930 615 2984; x_wconf 80' lang='lat' dir='ltr'><strong>tanta</strong></span> <span class='ocrx_word' id='word_1_158' title='bbox 636 2922 672 2983; x_wconf 79' lang='lat' dir='ltr'><strong>ad</strong></span> <span class='ocrx_word' id='word_1_159' title='bbox 694 2922 769 2983; x_wconf 82' lang='lat' dir='ltr'>mala</span> <span class='ocrx_word' id='word_1_160' title='bbox 867 2926 869 2932; x_wconf 88' lang='grc'><strong>’</strong></span> 
     </span>
     <span class='ocr_line' id='line_1_32' title="bbox 109 3006 835 3088; baseline -0.001 -19"><span class='ocrx_word' id='word_1_161' title='bbox 109 3027 186 3088; x_wconf 87' lang='lat' dir='ltr'><strong>opus</strong></span> <span class='ocrx_word' id='word_1_162' title='bbox 208 3017 252 3070; x_wconf 88' lang='lat' dir='ltr'><strong>est</strong></span> <span class='ocrx_word' id='word_1_163' title='bbox 273 3008 409 3088; x_wconf 79' lang='lat' dir='ltr'><strong>Thyeste.</strong></span> <span class='ocrx_word' id='word_1_164' title='bbox 467 3007 552 3068; x_wconf 82' lang='lat' dir='ltr'><strong>turba</strong></span> <span class='ocrx_word' id='word_1_165' title='bbox 575 3006 733 3081; x_wconf 77' lang='lat' dir='ltr'>famularis,</span> <span class='ocrx_word' id='word_1_166' title='bbox 756 3006 835 3068; x_wconf 82' lang='lat' dir='ltr'><strong>iores</strong></span> 
     </span>
     <span class='ocr_line' id='line_1_33' title="bbox 108 3092 712 3174; baseline -0.003 -20"><span class='ocrx_word' id='word_1_167' title='bbox 108 3093 212 3174; x_wconf 87' lang='lat' dir='ltr'><strong>templi</strong></span> <span class='ocrx_word' id='word_1_168' title='bbox 234 3092 341 3167; x_wconf 78' lang='lat' dir='ltr'><strong>relaxa,</strong></span> <span class='ocrx_word' id='word_1_169' title='bbox 363 3092 435 3154; x_wconf 84' lang='lat' dir='ltr'><strong>iesta</strong></span> <span class='ocrx_word' id='word_1_170' title='bbox 458 3094 576 3172; x_wconf 83' lang='lat' dir='ltr'><strong>patefiat</strong></span> <span class='ocrx_word' id='word_1_171' title='bbox 598 3094 712 3154; x_wconf 87' lang='lat' dir='ltr'><strong>domus.</strong></span> 
     </span>
     <span class='ocr_line' id='line_1_34' title="bbox 108 3177 727 3258; baseline 0 -20"><span class='ocrx_word' id='word_1_172' title='bbox 108 3178 180 3239; x_wconf 88' lang='lat' dir='ltr'><strong>libet</strong></span> <span class='ocrx_word' id='word_1_173' title='bbox 200 3178 308 3251; x_wconf 88' lang='lat' dir='ltr'><strong>videre,</strong></span> <span class='ocrx_word' id='word_1_174' title='bbox 330 3179 425 3258; x_wconf 82' lang='lat' dir='ltr'>capita</span> <span class='ocrx_word' id='word_1_175' title='bbox 449 3187 584 3240; x_wconf 82' lang='lat' dir='ltr'><strong>natorum</strong></span> <span class='ocrx_word' id='word_1_176' title='bbox 607 3177 727 3239; x_wconf 85' lang='lat' dir='ltr'><strong>intuens</strong></span> 
     </span>
    </p>
   </div>
   <div class='ocr_carea' id='block_1_5' title="bbox 109 3393 1179 3462">
    <p class='ocr_par' dir='ltr' id='par_1_6' title="bbox 109 3393 1179 3462">
     <span class='ocr_line' id='line_1_35' title="bbox 109 3393 1179 3462; baseline 0.002 -18"><span class='ocrx_word' id='word_1_177' title='bbox 109 3410 214 3461; x_wconf 82' lang='lat' dir='ltr'><strong>pergam</strong></span> <span class='ocrx_word' id='word_1_178' title='bbox 232 3401 259 3446; x_wconf 92' lang='lat' dir='ltr'><strong>et</strong></span> <span class='ocrx_word' id='word_1_179' title='bbox 276 3395 388 3462; x_wconf 85' lang='lat' dir='ltr'><strong>implebo</strong></span> <span class='ocrx_word' id='word_1_180' title='bbox 406 3399 504 3461; x_wconf 81' lang='lat' dir='ltr'><strong>patrem</strong></span> <span class='ocrx_word' id='word_1_181' title='bbox 520 3395 524 3462; x_wconf 90' lang='grc' dir='ltr'>Ι</span> <span class='ocrx_word' id='word_1_182' title='bbox 539 3394 627 3448; x_wconf 82' lang='lat' dir='ltr'><strong>sunere</strong></span> <span class='ocrx_word' id='word_1_183' title='bbox 643 3410 747 3446; x_wconf 85' lang='lat' dir='ltr'><strong>suerum</strong></span> <span class='ocrx_word' id='word_1_184' title='bbox 1063 3393 1119 3448; x_wconf 72' lang='lat' dir='ltr'><strong>ttoh</strong></span> <span class='ocrx_word' id='word_1_185' title='bbox 1128 3402 1179 3449; x_wconf 70' lang='lat'><strong>891³</strong></span> 
     </span>
    </p>
   </div>
   <div class='ocr_carea' id='block_1_6' title="bbox 106 3613 1185 4018">
    <p class='ocr_par' dir='ltr' id='par_1_7' title="bbox 106 3613 1185 4018">
     <span class='ocr_line' id='line_1_36' title="bbox 196 3613 1183 3682; baseline -0.002 -14"><span class='ocrx_word' id='word_1_186' title='bbox 196 3618 245 3668; x_wconf 79' lang='grc'><strong>872</strong></span> <span class='ocrx_word' id='word_1_187' title='bbox 263 3629 406 3682; x_wconf 80' lang='lat' dir='ltr'><strong>cynoseyra</strong></span> <span class='ocrx_word' id='word_1_188' title='bbox 423 3616 448 3665; x_wconf 83' lang='lat' dir='ltr'><em>E</em></span> <span class='ocrx_word' id='word_1_189' title='bbox 499 3616 550 3667; x_wconf 78' lang='grc'><strong>874</strong></span> <span class='ocrx_word' id='word_1_190' title='bbox 568 3616 584 3666; x_wconf 93' lang='lat' dir='ltr'><strong>i.</strong></span> <span class='ocrx_word' id='word_1_191' title='bbox 604 3630 629 3666; x_wconf 85' lang='lat' dir='ltr'><strong>n.</strong></span> <span class='ocrx_word' id='word_1_192' title='bbox 647 3614 773 3666; x_wconf 83' lang='lat' dir='ltr'><strong>instabilis</strong></span> <span class='ocrx_word' id='word_1_193' title='bbox 791 3629 811 3666; x_wconf 84' lang='lat' dir='ltr'><strong>r.</strong></span> <span class='ocrx_word' id='word_1_194' title='bbox 829 3613 981 3682; x_wconf 65' lang='lat' dir='ltr'><strong>artophylax</strong></span> <span class='ocrx_word' id='word_1_195' title='bbox 995 3615 1020 3665; x_wconf 89' lang='grc' dir='ltr'><em>Ε</em></span> <span class='ocrx_word' id='word_1_196' title='bbox 1072 3614 1120 3668; x_wconf 77' lang='grc'><strong>882</strong></span> <span class='ocrx_word' id='word_1_197' title='bbox 1139 3615 1183 3666; x_wconf 82' lang='lat' dir='ltr'><strong>he-</strong></span> 
     </span>
     <span class='ocr_line' id='line_1_37' title="bbox 109 3678 1182 3802; baseline 0.001 -69"><span class='ocrx_word' id='word_1_198' title='bbox 109 3685 186 3733; x_wconf 82' lang='lat' dir='ltr'><strong>beent</strong></span> <span class='ocrx_word' id='word_1_199' title='bbox 203 3683 228 3734; x_wconf 88' lang='grc' dir='ltr'><em>Ε</em></span> <span class='ocrx_word' id='word_1_200' title='bbox 295 3684 345 3736; x_wconf 86' lang='grc'><strong>890</strong></span> <span class='ocrx_word' id='word_1_201' title='bbox 363 3683 407 3735; x_wconf 86' lang='lat' dir='ltr'><strong>sed</strong></span> <span class='ocrx_word' id='word_1_202' title='bbox 426 3698 448 3734; x_wconf 87' lang='lat' dir='ltr'><strong>c.</strong></span> <span class='ocrx_word' id='word_1_203' title='bbox 466 3698 487 3734; x_wconf 84' lang='lat' dir='ltr'><strong>s.</strong></span> <span class='ocrx_word' id='word_1_204' title='bbox 506 3682 557 3734; x_wconf 71' lang='lat' dir='ltr'><strong>sit?</strong></span> <span class='ocrx_word' id='word_1_205' title='bbox 574 3678 678 3751; x_wconf 72' lang='lat' dir='ltr'><strong>pergem</strong></span> <span class='ocrx_word' id='word_1_206' title='bbox 697 3683 749 3734; x_wconf 87' lang='lat' dir='ltr'><strong>e.i.</strong></span> <span class='ocrx_word' id='word_1_207' title='bbox 769 3680 946 3802; x_wconf 42' lang='lat' dir='ltr'><strong>patremginn.</strong></span> <span class='ocrx_word' id='word_1_208' title='bbox 966 3694 1045 3734; x_wconf 68' lang='lat' dir='ltr'><strong>suet:</strong></span> <span class='ocrx_word' id='word_1_209' title='bbox 1063 3696 1096 3734; x_wconf 88' lang='lat' dir='ltr'><strong>ne</strong></span> <span class='ocrx_word' id='word_1_210' title='bbox 1113 3698 1139 3801; x_wconf 56' lang='lat' dir='ltr'><strong>J.</strong></span> <span class='ocrx_word' id='word_1_211' title='bbox 1158 3699 1182 3734; x_wconf 86' lang='lat' dir='ltr'><strong>o.</strong></span> 
     </span>
     <span class='ocr_line' id='line_1_38' title="bbox 108 3741 1184 3818; baseline 0.002 -18"><span class='ocrx_word' id='word_1_212' title='bbox 108 3767 135 3818; x_wconf 93' lang='lat' dir='ltr'><strong>p.</strong></span> <span class='ocrx_word' id='word_1_213' title='bbox 155 3751 231 3802; x_wconf 80' lang='lat' dir='ltr'><em>codd.</em></span> <span class='ocrx_word' id='word_1_214' title='bbox 249 3760 351 3818; x_wconf 71' lang='lat' dir='ltr'><strong>pergem</strong></span> <span class='ocrx_word' id='word_1_215' title='bbox 362 3781 382 3789; x_wconf 96' lang='lat'>-</span> <span class='ocrx_word' id='word_1_216' title='bbox 393 3762 497 3803; x_wconf 82' lang='lat' dir='ltr'><strong>suorum</strong></span> <span class='ocrx_word' id='word_1_217' title='bbox 513 3749 585 3811; x_wconf 76' lang='lat' dir='ltr'><strong>ferri</strong></span> <span class='ocrx_word' id='word_1_218' title='bbox 599 3765 654 3802; x_wconf 74' lang='lat' dir='ltr'><strong>non</strong></span> <span class='ocrx_word' id='word_1_219' title='bbox 668 3767 747 3816; x_wconf 77' lang='lat' dir='ltr'><strong>posse</strong></span> <span class='ocrx_word' id='word_1_220' title='bbox 764 3752 858 3802; x_wconf 71' lang='lat' dir='ltr'><strong>demit</strong></span> <span class='ocrx_word' id='word_1_221' title='bbox 889 3748 1034 3803; x_wconf 71' lang='lat' dir='ltr'><strong>simidtius</strong></span> <span class='ocrx_word' id='word_1_222' title='bbox 1049 3751 1114 3806; x_wconf 58' lang='lat' dir='ltr'><strong>inl?</strong></span> <span class='ocrx_word' id='word_1_223' title='bbox 1124 3741 1184 3807; x_wconf 60' lang='lat' dir='ltr'><strong>ecit)</strong></span> 
     </span>
     <span class='ocr_line' id='line_1_39' title="bbox 107 3814 1185 3886; baseline 0.001 -17"><span class='ocrx_word' id='word_1_224' title='bbox 107 3821 193 3869; x_wconf 70' lang='lat' dir='ltr'><strong>citent·</strong></span> <span class='ocrx_word' id='word_1_225' title='bbox 215 3819 307 3870; x_wconf 77' lang='lat' dir='ltr'><em>annal.</em></span> <span class='ocrx_word' id='word_1_226' title='bbox 324 3824 399 3868; x_wconf 76' lang='lat' dir='ltr'>xcvii</span> <span class='ocrx_word' id='word_1_227' title='bbox 419 3834 445 3886; x_wconf 77' lang='lat' dir='ltr'><strong>p.</strong></span> <span class='ocrx_word' id='word_1_228' title='bbox 464 3816 522 3870; x_wconf 76' lang='lat'><em>375.</em></span> <span class='ocrx_word' id='word_1_229' title='bbox 564 3821 612 3884; x_wconf 76' lang='lat' dir='ltr'><strong>qui</strong></span> <span class='ocrx_word' id='word_1_230' title='bbox 632 3819 774 3870; x_wconf 80' lang='lat' dir='ltr'><strong>admonuit</strong></span> <span class='ocrx_word' id='word_1_231' title='bbox 796 3823 876 3871; x_wconf 79' lang='lat' dir='ltr'><strong>etiam</strong></span> <span class='ocrx_word' id='word_1_232' title='bbox 895 3835 987 3870; x_wconf 74' lang='lat' dir='ltr'><strong>versus</strong></span> <span class='ocrx_word' id='word_1_233' title='bbox 1004 3818 1062 3872; x_wconf 88' lang='grc'><em>979.</em></span> <span class='ocrx_word' id='word_1_234' title='bbox 1098 3814 1185 3871; x_wconf 76' lang='lat' dir='ltr'><strong>delevi</strong></span> 
     </span>
     <span class='ocr_line' id='line_1_40' title="bbox 108 3885 1182 3955; baseline -0.001 -15"><span class='ocrx_word' id='word_1_235' title='bbox 108 3888 157 3940; x_wconf 83' lang='grc'><strong>891</strong></span> <span class='ocrx_word' id='word_1_236' title='bbox 179 3887 236 3953; x_wconf 87' lang='lat' dir='ltr'><strong>quit</strong></span> <span class='ocrx_word' id='word_1_237' title='bbox 252 3888 277 3938; x_wconf 95' lang='grc' dir='ltr'><em>Ε</em></span> <span class='ocrx_word' id='word_1_238' title='bbox 345 3888 394 3939; x_wconf 80' lang='grc'><strong>892</strong></span> <span class='ocrx_word' id='word_1_239' title='bbox 411 3893 489 3938; x_wconf 83' lang='lat' dir='ltr'><strong>vocet</strong></span> <span class='ocrx_word' id='word_1_240' title='bbox 505 3887 531 3938; x_wconf 88' lang='lat' dir='ltr'><em>A</em></span> <span class='ocrx_word' id='word_1_241' title='bbox 599 3888 649 3939; x_wconf 87' lang='grc'><strong>893</strong></span> <span class='ocrx_word' id='word_1_242' title='bbox 668 3888 785 3954; x_wconf 86' lang='lat' dir='ltr'><strong>quideem</strong></span> <span class='ocrx_word' id='word_1_243' title='bbox 808 3903 842 3938; x_wconf 69' lang='lat' dir='ltr'><strong>ecc</strong></span> <span class='ocrx_word' id='word_1_244' title='bbox 859 3885 961 3955; x_wconf 83' lang='lat' dir='ltr'>quidam</span> <span class='ocrx_word' id='word_1_245' title='bbox 978 3890 1111 3939; x_wconf 76' lang='lat' dir='ltr'><strong>incertum</strong></span> <span class='ocrx_word' id='word_1_246' title='bbox 1128 3903 1182 3954; x_wconf 80' lang='lat' dir='ltr'><strong>qua</strong></span> 
     </span>
     <span class='ocr_line' id='line_1_41' title="bbox 106 3953 737 4018; baseline -0.002 -12"><span class='ocrx_word' id='word_1_247' title='bbox 106 3970 193 4006; x_wconf 81' lang='lat' dir='ltr'><em>manu</em></span> <span class='ocrx_word' id='word_1_248' title='bbox 209 3955 234 4004; x_wconf 92' lang='grc' dir='ltr'><em>Ε</em></span> <span class='ocrx_word' id='word_1_249' title='bbox 292 3957 341 4008; x_wconf 81' lang='grc'><strong>894</strong></span> <span class='ocrx_word' id='word_1_250' title='bbox 359 3959 397 4018; x_wconf 82' lang='lat' dir='ltr'><strong>ut]</strong></span> <span class='ocrx_word' id='word_1_251' title='bbox 413 3963 439 4006; x_wconf 88' lang='lat' dir='ltr'><strong>et</strong></span> <span class='ocrx_word' id='word_1_252' title='bbox 456 3957 481 4006; x_wconf 91' lang='grc' dir='ltr'><em>Ε</em></span> <span class='ocrx_word' id='word_1_253' title='bbox 545 3953 737 4008; x_wconf 68' lang='lat' dir='ltr'><strong>testaceos</strong></span> 
     </span>
    </p>
   </div>
   <div class='ocr_carea' id='block_1_7' title="bbox 0 0 1296 4366">
    <p class='ocr_par' dir='ltr' id='par_1_8' title="bbox 0 0 1296 4366">
     <span class='ocr_line' id='line_1_42' title="bbox 0 0 1296 4366; baseline 0 0"><span class='ocrx_word' id='word_1_254' title='bbox 0 0 1296 4366; x_wconf 95' lang='lat' dir='ltr'><strong> </strong></span> 
     </span>
    </p>
   </div>
  </div>
 </body>
</html>
