2602 4380
158 204 198 265 12
547 220 841 271 mannsurssuncnu.

158 390 218 452 quo
234 382 263 433 te
278 377 418 452 tuamque
434 371 582 435 dexteram
597 373 757 454 amplectar
769 375 848 437 diem

156 457 329 536 reditusque
343 457 440 519 lentos
456 475 512 519 nee
527 459 584 520 mei
600 477 747 522 memores
761 458 891 540 querar?

157 543 220 618 tibi,
236 562 254 603 o
270 543 393 603 deorum
409 542 525 617 ductor,
541 543 676 605 indomiti
692 545 789 607 serent

158 637 282 690 centena
297 628 375 689 tauri
390 627 480 704 eolla;
496 627 560 702 tibi,
575 630 695 708 frugum
710 640 826 710 potens,

157 720 269 776 secreta
285 712 406 774 reddam
421 731 518 774 sacra:
536 713 589 775 tibi
604 723 684 776 muta
698 715 756 776 fide
775 758 796 775 «.

155 799 260 878 longas
275 797 397 862 Eleusin
412 799 499 860 tacita
514 798 633 861 iactabit
647 801 736 862 taces.

156 893 220 947 tum
235 883 384 945 restitutas
399 882 540 945 fratribus
554 883 644 945 rebor
657 885 731 946 meis

156 970 270 1031 animas
285 975 314 1029 et
327 968 426 1048 ipsum
441 987 533 1048 regna
547 970 749 1031 moderantem
764 989 817 1033 sua

48 1088 51 1093 ·
156 1055 263 1116 florere
278 1062 403 1134 patrem.
435 1054 459 1115 si
476 1072 533 1133 qua
548 1061 577 1115 te
591 1055 684 1115 maior
698 1063 779 1116 tenet

157 1140 289 1201 clausum
305 1145 445 1218 potestas,
460 1139 629 1218 sequimur:
646 1147 697 1201 aut
712 1158 816 1201 omnes
832 1148 883 1202 tuo

150 1224 283 1286 deiende
298 1223 395 1286 reditu
410 1241 513 1303 sospes
529 1233 580 1286 aut
593 1242 697 1286 omnes
711 1226 796 1286 trahe
810 1259 853 1271 -

156 1309 255 1371 trahes
271 1326 327 1370 nec
342 1307 422 1369 ullus
437 1309 531 1388 eriget
544 1310 655 1372 fractos
669 1310 751 1371 deus.

156 1412 243 1455 nuru.
275 1393 299 1455 Ο
313 1393 392 1454 socia
407 1394 503 1455 nostri
518 1394 682 1472 sanguinis,
698 1404 776 1457 casta
791 1395 848 1456 tide

156 1497 276 1540 servans
291 1487 390 1539 torum
405 1485 550 1558 natosque
565 1480 745 1560 magnanimi
761 1479 908 1557 Herculis

156 1564 278 1626 meliora
293 1571 393 1625 mente
408 1564 533 1644 concipe
549 1571 637 1644 atque
651 1565 782 1627 animum
802 1567 905 1628 excita.

157 1649 250 1712 aderit
265 1649 410 1729 proiecto,
426 1649 522 1729 qualis
538 1669 574 1711 ex
590 1651 670 1711 omni
686 1651 762 1712 solet

156 1735 266 1809 labore,
282 1734 384 1795 maior.
442 1753 511 1795 une.
542 1735 627 1807 Quod
644 1735 731 1797 nimis
746 1735 847 1798 miseri
861 1735 965 1799 uolunt

157 1821 214 1882 hoe
229 1819 314 1881 facile
328 1818 463 1881 credunt.
520 1837 606 1881 nuru.
636 1821 728 1882 lmmo
745 1821 825 1900 quod
840 1829 977 1883 metuunt
992 1822 1079 1883 nimis

159 1923 320 1985 numquam
336 1905 446 1966 moveri
461 1923 550 1985 posse
565 1924 621 1967 nec
635 1906 699 1969 tolli
713 1915 833 1986 putant:

157 2009 251 2071 prona
268 1997 313 2051 est
326 1989 441 2051 timoris
457 2007 577 2070 semper
591 1991 622 2052 in
638 1992 724 2070 peius
742 1992 823 2054 fides

156 2095 224 2138 uuo.
252 2075 411 2136 demersus
425 2093 459 2136 ac
474 2075 609 2138 defossus
625 2085 654 2137 et
668 2085 731 2138 toto
746 2077 870 2157 insuper

158 2177 320 2242 oppressus
336 2159 408 2220 orbe
424 2178 510 2238 quam
526 2161 601 2221 viam
616 2163 651 2222 ad
667 2180 793 2241 superos
808 2158 920 2224 habet?

156 2264 243 2307 turn
271 2244 364 2316 Quam
380 2251 453 2305 tuuc
468 2245 593 2306 hahebat
608 2264 675 2307 cum
687 2265 742 2327 per
756 2258 888 2310 arentem
906 2247 1021 2326 plagam

158 2339 187 2393 ct
201 2331 379 2391 fluctuantes
394 2346 477 2390 more
492 2329 601 2390 turbati
615 2331 705 2391 maris

156 2416 216 2479 adit
230 2416 357 2476 harenas
372 2414 477 2493 bisque
492 2414 648 2477 discedens
663 2417 772 2478 fretum

158 2500 247 2562 ethis
262 2517 431 2572 recurrens,
448 2516 576 2580 cumque
592 2501 706 2562 deserta
722 2509 784 2562 rate

158 2587 324 2665 deprensus
339 2584 435 2645 haesit
449 2585 580 2664 Syrtium
594 2584 733 2648 brevibus
753 2587 832 2648 vadis

158 2680 188 2732 et
202 2688 304 2751 puppe
319 2670 375 2731 fixa
389 2669 479 2731 maria
495 2670 644 2750 superavit
659 2672 760 2750 pedes,

157 2775 225 2818 nne.
256 2755 362 2834 iniqua
377 2772 443 2816 raro
459 2755 591 2817 maximis
607 2756 763 2819 virtutibus

158 2842 278 2902 fortuna
293 2839 402 2920 parcit3
420 2858 507 2901 nemo
522 2859 554 2902 se
569 2849 635 2902 tuto
650 2841 701 2902 diu

157 2925 298 3007 perieulis
313 2925 421 2986 offerre
435 2933 494 2986 tam
510 2925 622 2988 crebris
636 2934 749 3006 potest:

159 3029 246 3092 quem
263 3029 351 3091 saepe
365 3011 471 3072 transit
486 3029 582 3088 casus,
596 3011 755 3091 aliquando
770 3010 891 3073 invenit.

244 3097 302 3157 Sed
317 3114 386 3158 eece
401 3113 504 3158 saevus
520 3116 555 3158 ac
569 3096 664 3158 minas
679 3095 760 3158 vultu
778 3114 884 3175 gerens

159 3190 188 3244 et
203 3182 298 3262 qualis
314 3181 412 3242 animo
429 3189 473 3243 est
487 3181 553 3243 talis
568 3181 687 3244 incessu
701 3181 781 3243 veuit

158 3267 253 3328 aliena
269 3267 368 3327 dextra
383 3274 499 3347 sceptra
515 3266 690 3328 concutiens
709 3266 814 3351 Lycus.

245 3489 292 3540 301
313 3482 427 3536 multaA
496 3487 544 3538 302
562 3483 696 3538 EleusisA
714 3484 810 3551 (Eleusi
820 3488 849 3550 ς)
862 3483 933 3536 elene
945 3484 1049 3536 intacita
1059 3484 1091 3549 Ε,
1109 3484 1156 3535 red
1167 3500 1235 3536 erar.

157 3554 192 3606 iu.
209 3582 244 3592 -
266 3553 366 3605 iactabo
385 3552 409 3603 A
486 3555 536 3606 306
559 3553 640 3605 omnis
658 3553 683 3603 Ε
760 3556 810 3606 309
830 3568 916 3603 nouae
933 3568 1046 3603 scaenae
1063 3552 1236 3632 Amphitryon

156 3621 259 3689 Megara
278 3622 436 3672 inser-ibitur
453 3622 479 3672 A
548 3624 597 3674 313
620 3620 701 3688 quod:
727 3637 742 3673 o
761 3637 796 3672 ea
812 3622 821 3672 i
838 3621 898 3673 2m.
915 3621 941 3671 Ε
1009 3624 1059 3674 315
1082 3620 1237 3673 amovenA

159 3692 208 3742 316
227 3688 355 3754 Megaran
373 3688 457 3740 datur
473 3688 550 3742 A.-
567 3689 652 3741 timori
669 3690 694 3740 A
712 3689 811 3742 timoris
828 3692 861 3752 Σ,
879 3704 891 3741 s
909 3705 977 3740 erae.
992 3689 1017 3739 Ε
1086 3692 1137 3742 318
1155 3689 1235 3740 viam:

157 3756 384 3809 aadd‚2m.[t'
469 3760 518 3810 321
543 3757 604 3809 abiit
623 3756 930 3822 memnon
953 3756 1056 3808 adiicz
1079 3756 1126 3823 (of.
1146 3757 1174 3821 1,
1194 3759 1235 3821 18)

158 3827 208 3878 324
225 3824 370 3892 superavit:
389 3824 443 3876 avit
459 3825 548 3877 dmi.
560 3826 644 3877 rand
655 3827 705 3877 litt
716 3825 748 3877 Ε.
766 3824 851 3885 fuisse
867 3825 974 3877 videtur
992 3825 1083 3876 habuit
1100 3826 1174 3891 quod
1192 3840 1237 3876 aa·

157 3899 213 3945 etot
229 3896 259 3943 in
276 3892 304 3944 Ν
322 3898 347 3943 et
365 3894 405 3944 ita
423 3893 524 3945 laesum
542 3900 573 3946 ut
590 3910 672 3960 aegra
689 3894 846 3946 dinoscatur
863 3896 892 3944 in
904 3892 935 3943 M
1002 3897 1052 3946 326
1070 3899 1140 3945 tuto:
1159 3897 1238 3961 prior

159 3962 673 4028 t3m.eoep;oi.rus.(aoeei)d
