2580 4366
537 232 565 273 L.
588 231 693 274 Annum
713 231 841 275 SENECAE

442 448 604 511 loclsrl

239 551 274 612 ln
296 569 343 612 me
366 569 445 612 arma
467 558 496 611 et
517 551 602 630 ignes
624 551 736 627 vertite,
758 551 789 612 in
812 570 859 613 me
882 552 979 614 onmis
1001 561 1069 616 ruat

153 655 243 698 unam
266 636 403 698 iuventus
425 654 560 715 quaeque
583 636 618 698 ab
641 636 761 698 lnachio
783 637 864 699 venit

153 721 285 782 animosa
305 739 391 782 muro
414 738 549 800 quaeque
570 720 709 782 Thebana
734 722 817 782 ferox

154 806 305 867 descendit
326 823 408 881 arce;
435 805 505 866 civis
527 813 614 886 atque
636 807 730 867 hostis
752 806 840 867 simul

152 892 234 951 hunc
256 892 347 971 petite
368 899 510 966 ventrem,
533 892 584 970 qui
607 891 686 952 dedit
707 893 812 952 fratres
833 891 906 952 viro.

153 975 225 1037 haec
247 976 379 1037 membra
399 975 509 1055 passim
531 977 660 1056 spargite
686 995 719 1037 ac
742 975 883 1038 divellite:

153 1079 208 1140 ego
230 1067 389 1140 utrumque
412 1061 515 1141 peperi
537 1095 579 1105 -
601 1061 713 1140 ponitis
733 1061 846 1123 ferrum
871 1059 978 1122 ocius?

153 1163 189 1206 an
213 1145 278 1206 dico
302 1156 331 1207 et
353 1165 389 1207 ex
410 1143 493 1224 quo?
516 1146 649 1207 dexteras
671 1146 758 1206 matri
780 1147 854 1222 date,

153 1229 217 1292 date
240 1230 308 1290 dum
332 1231 397 1310 piae
420 1237 498 1290 sunt.
543 1249 627 1292 error
649 1231 756 1291 invitos
781 1232 877 1293 adhue

152 1314 222 1376 feeit
244 1323 396 1390 nocentes,
420 1332 507 1376 omne
529 1315 678 1377 Fortunae
700 1316 757 1378 fuit

152 1401 303 1480 peccantis
324 1400 355 1462 in
379 1418 434 1461 nos
457 1400 586 1461 crimen:
609 1402 667 1462 hoo
688 1401 819 1480 primum
840 1403 923 1463 nolas

152 1485 230 1546 inter
252 1485 379 1547 scientes
402 1485 523 1563 geritur.
567 1486 598 1546 in
621 1495 716 1548 vestra
738 1503 828 1547 manu
852 1497 905 1562 cst,

152 1576 251 1632 utrum
274 1570 384 1631 velitis:
408 1579 507 1632 sancta
530 1570 554 1631 si
576 1571 671 1650 pietas
692 1571 797 1651 placet,

151 1653 294 1716 idonate
317 1655 402 1716 matri
426 1673 546 1735 pacem3
569 1656 595 1715 si
616 1655 728 1735 placuit
749 1656 857 1732 scelus,

150 1740 245 1802 maius
268 1748 402 1820 paratum
426 1750 484 1802 est:
507 1740 657 1820 mediapse
679 1741 805 1820 opponit
826 1758 943 1821 parens.

151 1825 277 1905 proinde
298 1824 407 1886 bellum
431 1824 524 1886 tollite
546 1833 596 1887 aut
618 1825 687 1886 belli
710 1843 832 1886 moram.

152 1909 275 1972 sollicita
299 1910 347 1971 cui
369 1928 450 1970 nunc
473 1917 566 1971 mater
587 1911 697 1971 alterna
720 1929 810 1990 prece

150 1995 238 2056 verba
260 1993 442 2056 admovebo?
465 1996 571 2056 misera
594 2014 682 2075 quem
704 1994 864 2074 amplectar
885 1991 991 2074 prius‘l

151 2080 182 2141 in
205 2089 360 2159 utramque
381 2087 494 2160 partem
517 2080 611 2141 ducor
631 2080 739 2142 ellectu
762 2081 834 2159 pari.
945 2122 951 2130 -

151 2165 200 2226 hic
222 2165 310 2240 aluit;
334 2165 387 2226 sed
408 2173 492 2245 pacta
515 2166 540 2226 si
562 2165 686 2226 fratrum
711 2164 817 2240 valent,

151 2269 233 2311 nnnc
255 2250 329 2313 alter
350 2248 453 2310 aberit.
497 2268 567 2329 ergo
589 2250 646 2310 iam
670 2267 832 2328 numquam
854 2249 929 2310 duos

151 2334 208 2395 nisi
232 2334 274 2395 sio
296 2332 421 2395 videbo?
445 2334 535 2412 iunge
557 2334 729 2414 complexus
752 2335 843 2414 prior,

151 2419 203 2498 qui
224 2427 268 2481 tot
289 2418 406 2480 labores
428 2426 531 2499 totque
552 2437 713 2499 perpessus
737 2420 812 2481 mala

150 2503 241 2582 longo
263 2514 416 2585 parentem
439 2504 534 2565 lessus
557 2504 644 2566 exilio
666 2505 755 2565 vides.

150 2589 256 2650 accede
278 2589 420 2669 propius,
443 2589 529 2650 clude
550 2590 654 2668 vagina
675 2589 800 2669 impium

151 2692 251 2735 ensem
275 2682 304 2735 et
325 2681 500 2735 trementem
523 2674 639 2753 iamque
661 2675 831 2753 cupientem
853 2671 950 2733 excuti

150 2759 262 2820 hastam
285 2759 348 2820 solo
371 2759 481 2838 defige3
503 2768 670 2820 maternum
693 2766 744 2819 tuo

151 2844 230 2905 coire
252 2853 357 2923 pectus
379 2843 493 2924 pectori
516 2844 631 2924 clipeus
653 2850 745 2905 vetat:

150 2930 232 2989 huno
254 2946 374 3008 quoque
396 2947 518 3008 repone.
562 2928 680 2990 vinculo
702 2928 832 2989 frontem
854 2945 928 2989 exue

149 3021 351 3094 tegumenque
374 3015 477 3095 capitis
499 3014 583 3075 triste
604 3013 738 3092 belligeri
760 3012 822 3074 leva

151 3109 180 3160 et
202 3118 253 3160 ora
274 3098 361 3160 matri
382 3100 482 3160 redde.
526 3117 585 3178 quo
608 3099 706 3161 vultus
730 3097 824 3159 refers

150 3184 272 3263 acieque
294 3183 396 3265 pavida
419 3184 517 3245 fratris
540 3183 677 3245 observas
700 3179 844 3243 manum?

150 3269 242 3330 affusa
264 3277 359 3330 totum
383 3287 492 3349 corpus
516 3269 652 3348 amplexu
675 3276 779 3348 tegam,

150 3362 201 3414 tuo
225 3355 326 3415 cruori
348 3373 403 3434 per
423 3373 523 3416 meum
544 3355 594 3414 liet
617 3354 669 3414 via.

150 3439 220 3519 quid
243 3438 352 3501 dubius
373 3436 499 3501 haeres?
521 3457 558 3499 an
582 3439 666 3500 times
688 3436 790 3499 matris
811 3432 922 3496 iidem?

153 3593 346 3604 ——-—-

236 3693 286 3744 443
311 3693 486 3742 continuatur
506 3706 605 3742 reama
626 3691 652 3741 Id
700 3703 788 3739 novoe
811 3703 923 3738 coaonae
944 3685 1101 3736 inscribitur
1122 3682 1224 3734 loeasta

149 3758 286 3826 Polynices
304 3760 329 3809 A
397 3761 447 3811 444
466 3771 515 3809 uno
534 3759 559 3808 A
627 3761 677 3810 446
695 3755 819 3808 discendit
837 3770 859 3807 a.
875 3756 944 3807 cives
963 3759 1040 3820 utque
1052 3753 1140 3804 hostes
1158 3766 1180 3803 s.
1198 3747 1224 3800 E

149 3829 200 3880 448
218 3841 274 3879 mea
291 3826 402 3878 membra
420 3827 453 3876 A.
466 3825 620 3893 -sparsim
638 3825 751 3893 spargite
768 3827 788 3889 ς
855 3827 907 3877 456
924 3822 1017 3875 donate
1035 3829 1140 3872 matrem
1159 3831 1224 3886 paee

150 3897 284 3947 Acontius
370 3897 420 3948 458
442 3894 549 3960 proinde
563 3893 616 3946 iam
633 3892 770 3946 bellumld
855 3893 906 3945 459
930 3890 972 3944 eoi
989 3904 1056 3941 nuuc
1073 3887 1180 3941 sollitita
1199 3885 1224 3936 ld

145 3964 189 4017 eui
203 3962 315 4018 sollicita
334 3976 402 4016 nuuc
419 3963 444 4014 A
462 3965 570 4028 corre&
637 3965 687 4016 455
710 3964 738 4012 tu
756 3959 801 4028 qui
819 3962 857 4012 tot
872 3959 962 4025 lang
1029 3960 1079 4012 470
1097 3957 1181 4010 coiere
1199 3953 1224 4005 u
