2602 4380
171 211 212 272 60
540 225 578 266 on
599 224 729 267 nnncun
751 223 874 266 carano.

171 379 364 440 coalescente.
409 376 494 437 etiam
527 378 609 440 1354
639 375 903 455 reprehendendus
931 375 1061 455 scriptor
1090 381 1136 437 661
1164 376 1244 455 quod

170 469 263 526 166166
282 474 328 525 aot
349 473 389 524 661
411 462 541 523 scribere
562 461 666 522 maluit
687 479 774 540 quam
795 467 888 524 166166
909 472 949 522 est
962 467 1050 536 66116;
1073 461 1105 522 id
1119 462 1201 540 quod
1214 461 1244 523 in

171 568 198 610 r.
216 551 297 613 1858
321 567 382 609 non
405 546 484 608 cadit
504 547 529 607 si
551 554 631 607 recte
645 546 790 626 Peiperus
812 545 931 626 scripsit
951 557 996 608 ect
1017 566 1055 608 66.
1090 547 1142 608 661
1159 564 1245 628 pram

171 652 291 714 quoquc
313 633 438 695 invicem
461 650 493 692 se
514 639 646 692 tuentur.
690 631 838 710 pessimus
861 633 1059 697 66161298

374 729 474 780 oetam
495 717 653 797 spopondit.
699 712 781 777 661116
799 728 918 797 propter
938 736 985 779 noe
1006 735 1087 780 sacro

170 804 250 882 quod
272 811 306 864 ut
327 803 398 864 vidit
411 801 535 863 Bothius
558 810 667 862 temere
690 801 827 862 correxit.
857 801 962 862 similis
985 821 1046 864 non
1069 800 1175 863 similis
1195 820 1245 862 ex·

371 989 427 1052 pro
449 990 494 1032 me
514 971 629 1051 perolas
651 971 734 1044 bella,
752 982 874 1052 propter
894 990 942 1033 mc
962 989 1059 1052 nepos,

171 1057 223 1136 qui
245 1065 279 1119 ut
299 1057 393 1118 multo
416 1057 515 1117 minus
537 1056 666 1117 offendat
688 1073 809 1117 caesura
832 1056 1075 1136 semiseptenaria
1090 1055 1196 1132 officim
1219 1063 1248 1118 et

171 1143 235 1204 eius
257 1141 400 1221 gemellus
422 1148 467 1202 est
488 1141 600 1202 Phoen.
617 1143 679 1203 336

171 1312 244 1373 1666
274 1313 335 1372 iere
364 1225 943 1391 &cicergiieetdzhtqriiiietfricsnp'osliwaffiiaegi
964 1228 1248 1374 illiggrvpairtriimridc·

170 1405 267 1459 antur.
313 1415 381 1458 nam
406 1398 485 1460 1861

375 1484 486 1561 defesso
507 1500 678 1561 qammpccm
700 1479 837 1552 16666116,
859 1483 1056 1544 6116611666
1083 1484 1143 1546 deis

34 1600 42 1611 =
170 1567 312 1628 trecentis
334 1567 442 1628 abhinc
464 1567 551 1627 annis
573 1577 740 1628 correctum
764 1574 822 1626 est:
847 1584 905 1626 nec
925 1576 1006 1628 certe
1024 1568 1139 1630 Bentlei
1162 1586 1249 1632 auras

170 1651 273 1712 habuit
293 1652 328 1712 N.
351 1650 492 1712 Heinsius
520 1652 572 1730 qui
604 1653 685 1714 1652
707 1647 829 1734 (6161616
854 1651 1065 1731 [6161666616
1086 1653 1140 1715 166
1160 1673 1250 1717 6666-

171 1755 257 1818 666666
285 1741 391 1799 inritos
418 1755 445 1798 6.
468 1756 497 1816 q.
520 1738 557 1811 6.)
587 1736 715 1798 66616611
737 1736 881 1799 11661666
902 1737 987 1816 felde.
1031 1746 1060 1800 at
1082 1739 1110 1800 si
1131 1739 1250 1821 Peiperi

170 1830 263 1884 aetate
285 1822 404 1883 vixisset
424 1841 473 1883 res
495 1822 631 1884 metricas
653 1822 759 1883 melius
781 1821 957 1884 edidicisset.

256 1907 287 1967 in
310 1907 431 1968 canticis
453 1926 547 1986 aeque
569 1925 718 1987 perpauca
735 1925 751 1969 a
767 1907 918 1969 communi
932 1907 1152 1988 tragoediarum
1166 1928 1250 1974 mura

171 1992 324 2053 recedunt.
361 1993 570 2072 synaloepham
592 1992 748 2071 longarum
772 1993 916 2053 vocalium
938 1993 970 2054 in
992 1993 1121 2056 Hercule
1137 1995 1250 2059 Oetaeo

170 2076 265 2155 magis
295 2077 382 2138 etiam
410 2095 498 2155 quam
528 2077 559 2137 in
588 2076 711 2156 reliquis
740 2078 856 2139 vitatam
884 2096 949 2140 esse
978 2097 1011 2140 ea
1041 2079 1154 2142 docent
1174 2100 1251 2162 quac

71 2232 74 2237 ¹
172 2162 205 2221 B.
228 2160 409 2223 Schmidtius
431 2181 461 2241 p.
478 2164 518 2224 25
534 2180 578 2240 sq.
602 2163 779 2242 composuit.
809 2171 907 2225 tamen
930 2182 1024 2225 unum
1046 2164 1126 2227 inter
1145 2184 1251 2229 omncs

171 2246 219 2306 illa
235 2264 412 2324 quamquam
427 2247 569 2307 lenissimi
587 2247 704 2325 generis
722 2249 888 2327 exemplum
903 2248 992 2310 habet
1012 2249 1120 2329 longae
1140 2252 1252 2314 vocalis

173 2348 240 2391 cum
256 2330 336 2391 brevi
352 2331 383 2391 in
399 2332 521 2393 canticis
537 2333 744 2393 coalescentis:
771 2335 852 2397 1956
868 2345 941 2396 certe
955 2352 1003 2413 epo
1018 2345 1045 2396 tc
1058 2337 1129 2397 vidi.
1160 2345 1251 2399 tetra·

171 2414 259 2476 metri
280 2416 414 2495 dactylici
436 2416 468 2476 in
488 2417 598 2496 quibus
618 2417 691 2479 illud
712 2417 863 2481 invenitur
877 2437 940 2481 uno
955 2430 1059 2481 tenore
1074 2420 1251 2499 decurrunt,

172 2510 205 2561 ut
219 2499 327 2562 Phaed.
344 2503 509 2565 ror-63:
535 2502 607 2563 061.
620 2504 682 2565 449
694 2522 740 2581 sq.
758 2522 820 2565 non
836 2504 906 2566 item
921 2505 967 2581 (B.
979 2505 1122 2566 Schmidt.
1139 2525 1171 2586 p.
1188 2509 1251 2576 59).

172 2586 208 2646 16
230 2588 483 2665 anapaesticorum
506 2596 568 2648 arte
591 2607 652 2648 non
675 2587 768 2649 habeo
784 2590 863 2667 quod
880 2609 895 2649 6
910 2589 1072 2652 Schmidtio
1088 2590 1252 2654 observatis

171 2670 274 2732 addam
297 2674 338 2750 (p.
362 2674 402 2735 67
426 2675 501 2751 sq.):
531 2673 610 2752 quod
638 2679 757 2751 praeter
779 2674 927 2736 Octaviam
949 2676 1040 2736 semel
1064 2675 1097 2736 in
1120 2675 1252 2738 Hercule

171 2757 272 2835 priore
293 2756 402 2818 iactum
425 2766 470 2817 661
492 2759 589 2833 (1664
610 2758 710 2820 6616116
731 2762 852 2839 superi),
875 2761 921 2821 bis
936 2759 967 2820 in
982 2759 1046 2822 110.
1062 2760 1249 2824 invenimus:

175 2843 234 2904 185
256 2841 357 2920 [169116
377 2846 475 2921 superi
496 2843 627 2922 1119614)
650 2852 680 2905 61
705 2846 785 2907 1883
801 2845 925 2907 Arcades
939 2846 1040 2908 611166.
1071 2864 1141 2908 nam
1167 2847 1247 2912 1881

173 2944 260 3004 quem
283 2928 343 2987 huc
364 2927 519 2988 trahebant
540 2928 594 2988 viri
617 2928 696 2988 docti
710 2929 852 2991 Gronovii
867 2931 1037 2991 testimonio
1052 2931 1171 3011 decepti
1186 2951 1248 2993 non

167 3015 274 3092 poscite
296 3011 326 3071 in
349 3011 376 3070 ll
395 3011 505 3090 legitur
525 3013 576 3072 sed
595 3017 697 3092 poscit,
720 3021 753 3074 ut
774 3033 842 3075 cum
867 3017 948 3079 1888
968 3016 1199 3094 coniungendus
1214 3016 1252 3079 sit

173 3104 202 3158 et
224 3097 267 3158 sic
288 3097 447 3175 legendus:

377 3199 481 3260 mcpreo
504 3180 621 3255 Alcidae¹
634 3187 725 3262 poscit
746 3187 884 3262 pertritum

376 3277 485 3328 6166166
505 3271 607 3328 cestris
628 3272 749 3347 scetiper
769 3273 857 3347 apris.

175 3367 212 3427 dc
235 3367 298 3428 aliia
320 3367 422 3430 metris
445 3368 560 3430 adferre
581 3375 697 3429 tantum
718 3387 839 3448 possum
862 3372 942 3449 quod
967 3373 1024 3434 151
1088 3402 1091 3408 -

376 3470 465 3533 nullis
486 3470 654 3532 6616661166
671 3474 775 3551 peroio
796 3473 925 3534 membro
945 3484 1013 3535 sunt

174 3567 205 3628 in
221 3568 411 3648 asclepiadeis
427 3570 655 3651 dodecasyllabis
671 3571 778 3634 unicus
795 3583 840 3635 661
856 3573 1058 3655 monosyllabo
1073 3574 1249 3637 terminatus

173 3655 211 3727 (6.
227 3671 251 3713 s.
275 3652 311 3714 16
333 3673 359 3714 6.
383 3657 474 3731 939);
504 3667 607 3718 contra
633 3660 713 3720 1543

376 3760 615 3821 166666166166661
634 3763 706 3821 iacet
728 3760 861 3822 66661166
877 3779 936 3841 por

172 3844 234 3918 non
265 3855 372 3917 unicus
399 3877 415 3918 e
436 3859 596 3938 sapphicis.
644 3878 821 3941 quamquam
843 3871 961 3943 praeter
982 3862 1057 3924 Tro.
1076 3863 1140 3929 858
1161 3863 1249 3944 (prod

171 3953 268 4003 monet
294 3942 392 4020 sotum
420 3944 587 4005 1661166666
614 3950 677 4025 perir
705 3944 768 4024 162)
802 3955 832 4008 61
862 3950 944 4012 1618
978 3951 1072 4025 (nemo
1100 3967 1131 4010 ac
1157 3947 1248 4010 666161
