2580 4366
476 204 515 245 nn
535 204 749 246 nxnnruannvs
772 205 899 247 cauneis.
1163 194 1221 256 165

135 368 216 416 non
235 364 293 416 tam
315 372 423 416 sensus
445 373 539 416 nortis
560 363 606 415 est
629 355 711 429 (Eur.
736 356 796 419 817
820 348 907 418 οὕτω
929 352 990 435 γὰρ
1014 346 1053 418 dv
1075 354 1221 434 μάλιστα

131 434 289 523 δηχθείη
319 434 434 514 πόσις)
463 458 552 518 qnam
581 438 665 500 locus
691 457 752 518 quo
781 441 838 501 vim
865 458 947 501 suam
973 441 1090 520 accipit.
1134 443 1221 504 simili

118 525 274 587 andbcie
295 524 416 586 Medeae
437 524 476 584 de
494 524 635 585 necandis
657 523 757 585 liberis
779 524 938 586 dubitantis
961 533 990 585 et
1004 534 1154 605 postremo
1170 528 1221 588 de-

117 609 301 672 cernentis
323 609 487 671 credonem
509 609 703 670 efficaciorem
732 609 872 684 reddidit;
901 628 990 687 quarn
1019 628 1085 671 curn
1115 613 1222 690 partim

113 710 189 755 ex
201 694 272 755 Eur.
288 713 314 754 r.
333 696 415 757 1019
430 712 476 772 sq.
499 695 686 773 expresserit,
709 695 749 755 ita
771 694 935 755 conlocarit
956 705 990 755 ut
1011 704 1079 774 post
1096 696 1220 757 relatum

108 778 189 840 de
209 778 330 841 dextero
351 776 463 838 bandis
485 787 591 839 eventu
613 779 770 852 nuntium,
800 779 871 839 dum
896 798 912 840 a
934 781 1061 858 coniuge
1084 778 1222 860 regisque

106 862 266 925 famulis
295 863 327 923 in
356 862 536 942 supplicium
565 864 727 941 quaeritur,
755 864 938 942 proteratur:
968 864 1125 943 Euripides
1151 867 1220 927 dum

109 946 207 1009 isto
234 947 379 1027 temporis
407 958 557 1008 nromemo
579 949 755 1026 paucissima
781 956 895 1009 mutum
917 949 1036 1009 Medeae
1056 949 1143 1010 verba
1166 952 1221 1010 irn-

106 1033 241 1111 pertit
260 1031 437 1111 consiliique
459 1041 537 1094 certa
553 1034 730 1112 (transq),
752 1033 864 1094 veritati
883 1033 1006 1107 studuit,
1028 1035 1140 1095 Seneca
1155 1053 1221 1096 sus-

105 1134 260 1196 pensae
273 1118 442 1178 animorum
457 1118 663 1196 expectationi.
693 1117 805 1178 aceedit
824 1125 856 1178 ut
873 1117 945 1179 baec
959 1119 1108 1196 tragoedia
1122 1121 1225 1198 vigore

107 1203 277 1281 quodam
292 1202 436 1264 orationis
450 1220 516 1262 non·
534 1202 622 1263 nimis
644 1203 767 1278 tumido,
792 1202 925 1263 colorum
949 1222 1010 1264 non
1032 1204 1222 1266 immoderata

108 1287 275 1366 quadam
296 1285 447 1347 vivacitate
468 1287 598 1359 excellat,
621 1286 707 1348 etiarn
729 1288 761 1347 in
784 1287 917 1364 canticis,
939 1306 1015 1368 quae
1034 1289 1159 1368 insuper
1173 1307 1223 1350 ac·

111 1372 280 1433 curatius
301 1371 427 1449 reliquis
448 1372 610 1450 composita
633 1391 697 1433 esse
719 1372 992 1434 demonstravimus.

234 1456 334 1518 omnia
355 1456 430 1518 baec
451 1456 599 1517 dexterius
621 1457 819 1518 administrata
841 1476 906 1518 esse
928 1476 1016 1536 quarn
1040 1465 1073 1518 ut
1093 1458 1223 1519 Senecae

116 1540 145 1599 i
158 1542 208 1620 psi
228 1541 370 1620 imputari
392 1539 509 1620 possint
531 1559 591 1602 non
615 1542 801 1602 contendam.
845 1543 897 1603 sed
912 1543 973 1603 veri
987 1541 1081 1603 multo
1097 1542 1222 1603 similius

118 1634 197 1686 est
216 1626 368 1687 meliorem
391 1634 507 1704 poetam
529 1626 607 1686 inter
629 1626 800 1704 Euripidem
817 1635 847 1688 et
861 1627 1004 1688 Senecam
1019 1628 1223 1688 intercessisse

120 1710 203 1788 qui
223 1719 432 1788 argumentum
453 1709 575 1771 liberius
598 1710 737 1771 tractarit.
774 1729 864 1790 quem
882 1730 944 1773 non
961 1712 1129 1790 quaerimus
1145 1711 1223 1772 iuter
1258 1702 1289 1747 ‘s

125 1806 253 1873 poetas
274 1794 447 1875 Euripidem
476 1795 666 1868 subsecutos,
695 1813 823 1873 quorum
851 1795 939 1873 longe
965 1795 1019 1856 alia
1042 1804 1104 1856 erat
1125 1813 1173 1856 ars
1195 1808 1224 1856 et

129 1878 281 1954 indoles,
310 1898 368 1941 nec
395 1879 474 1941 inter
500 1880 714 1942 Alexandrinos
743 1881 779 1941 de
809 1898 936 1958 quorum
964 1879 1123 1957 tragoediis
1149 1879 1224 1941 nihil

130 1964 214 2026 fue
239 1973 425 2044 compertum
452 1964 638 2040 buemusq.
683 1984 739 2026 nec
768 1965 870 2043 utique
891 1966 927 2027 de
949 1965 1068 2025 Graecis
1090 1965 1224 2042 cogitem

143 2048 222 2109 darn
243 2050 368 2112 ridetur.

236 2231 307 2296 ⁷)ad
330 2235 435 2299 poetam
457 2232 501 2299 qni
524 2231 753 2284 Alexandrinorum
776 2246 841 2284 aevo
865 2231 956 2283 vixerit
977 2229 1090 2283 Senecae
1106 2230 1223 2282 Medeam

150 2295 278 2352 lllltieius
291 2300 391 2352 rettulit
407 2301 481 2365 (Anu.
500 2300 561 2352 lust.
582 2303 647 2352 1869
664 2303 734 2365 p.42
745 2315 784 2366 sq.
802 2303 834 2352 68
852 2302 910 2365 sq).
944 2299 988 2367 qui
1006 2314 1064 2351 eum
1082 2299 1223 2352 ostenderit

153 2370 190 2416 et
207 2367 312 2420 adlicer
335 2372 362 2420 et
385 2372 475 2435 poetas
499 2368 667 2435 posteriorum
692 2370 832 2433 temporum
851 2365 955 2418 Medeae
976 2382 1037 2419 suae
1056 2368 1223 2419 admiscuisse

160 2435 276 2497 qudem
293 2449 361 2503 qnae
378 2441 437 2487 aute
455 2435 639 2488 Alexandrinos
656 2450 732 2487 nemo
753 2435 843 2487 litteris
866 2435 1016 2487 marmorive
1037 2434 1152 2499 tradidit,
1176 2436 1222 2485 mi-

159 2497 222 2555 nius
233 2508 321 2557 tamen
338 2503 516 2569 comprobavit
533 2508 577 2555 ant
593 2502 767 2569 sarcophagos
785 2502 816 2554 ad
841 2502 914 2554 aliam
933 2518 1009 2569 quam
1026 2502 1154 2570 Euripidis
1172 2507 1224 2554 tra-

161 2570 270 2644 sordiam
285 2570 370 2623 redire
386 2576 432 2623 aut
448 2571 560 2624 Senecae
572 2571 686 2623 Medeam
704 2586 719 2621 a
737 2576 813 2638 poeta
832 2585 923 2637 graeco
941 2572 983 2637 qui
1001 2576 1060 2636 post
1077 2571 1223 2638 Euripidem

165 2640 244 2691 vtletit
253 2638 372 2707 pandere.
399 2639 497 2691 scilieet
508 2653 683 2706 quaecumque
694 2639 746 2690 illie
759 2654 773 2690 a
789 2639 870 2705 quinti
883 2638 978 2690 saeculi
987 2637 1074 2691 indole
1092 2637 1223 2699 recedunt,

165 2706 192 2775 ¹¹¹
203 2704 297 2760 iuvenis
312 2706 414 2759 uenam
431 2705 569 2759 demittens
586 2707 628 2758 rel
645 2707 730 2772 puella
743 2706 783 2759 dis
794 2706 950 2772 nuptialibus
961 2710 1079 2768 mactata,
1096 2706 1157 2757 talia
1170 2721 1222 2756 non

164 2778 187 2817 ¹¹¹
200 2775 304 2842 ungulis
320 2775 478 2842 argumentis
494 2789 509 2826 a
527 2780 597 2828 certo
621 2774 730 2842 quadarn
755 2775 818 2826 certi
835 2779 927 2841 poetae
944 2790 1021 2841 opere
1040 2774 1163 2840 originem
1181 2788 1222 2825 ce·

200 2854 229 2907 a,
249 2842 296 2895 sed
320 2857 366 2911 per
383 2856 472 2895 omnes
489 2845 550 2895 artis
567 2844 758 2909 litterarumque
775 2841 839 2894 fines
857 2857 1010 2909 omnemque
1027 2842 1179 2894 Graecorum
1197 2847 1224 2893 et

177 2911 362 2963 ¹tartaricorum
379 2911 473 2973 vitam,
491 2912 573 2977 qualis
590 2911 650 2962 inde
667 2926 682 2961 a
700 2912 783 2977 quarti
801 2911 896 2962 saeculi
913 2911 983 2963 exitu
1001 2910 1156 2962 conformata
1174 2916 1222 2971 est,

156 2978 326 3083 pungentur
343 2982 370 3031 et
387 2982 503 3045 regnaut.
537 2994 589 3046 quo
606 2978 636 3029 lit
653 2985 682 3030 ut
700 2979 852 3030 carminibus
872 2982 897 3030 et
914 2979 1097 3039 monumentis,
1115 2983 1141 3029 et
1157 2978 1223 3028 inter

173 3051 323 3114 turanorum
333 3045 435 3112 quidem
445 3052 534 3127 poetas
543 3046 602 3098 inde
614 3048 647 3097 ab
660 3046 760 3112 Ouidio,
776 3047 838 3097 talia
848 3046 990 3098 inserantur
1001 3045 1154 3163 ubicumque
1166 3059 1222 3111 per-

154 3110 233 3165 ¹¹¹tttt
249 3114 357 3167 amasio.
384 3115 520 3167 continebo
539 3130 588 3180 me,
607 3129 639 3166 ne
656 3114 760 3167 liberius
777 3128 853 3181 quarn
871 3129 917 3182 per
934 3119 974 3166 est
992 3128 1093 3179 evager,
1130 3126 1222 3163 enecae

152 3178 269 3235 territus
285 3183 379 3249 quibus
396 3181 519 3234 [liltbeius
537 3189 636 3250 praeter
653 3187 751 3234 eeteros
768 3181 906 3234 identidem
923 3182 1016 3244 utitur,
1034 3180 1100 3231 Med.
1118 3182 1149 3231 37
1169 3193 1222 3245 sq:

182 3259 204 3294 ⁰
224 3256 308 3301 ναίει
327 3265 425 3314 unm,
447 3252 597 3317 monadum
621 3251 739 3301 tdalumo
762 3249 849 3311 leram
873 3256 904 3301 ut
925 3253 984 3315 ipsa
1002 3252 1095 3313 pinum
1111 3251 1223 3311 postque

146 3314 292 3379 taurianas
306 3333 401 3384 preces
418 3318 529 3369 caedum
548 3319 644 3369 dicatis
662 3322 782 3369 uictimae
800 3318 938 3369 altaribus.
969 3315 1008 3366 bis
1025 3314 1142 3366 versibus
1160 3313 1223 3364 nibil

145 3380 226 3435 mest
240 3386 287 3437 nisi
305 3389 333 3436 ut
350 3385 459 3438 obscure
476 3392 503 3438 et
520 3381 730 3454 αἰνιγματωδῶς
748 3387 783 3437 rei
800 3390 919 3439 eventurn
931 3383 1020 3434 Medea
1037 3383 1135 3447 innuat,
1153 3397 1222 3433 more

144 3432 267 3504 Senesae
284 3468 390 3519 prorsus,
404 3454 523 3519 solemnl;
547 3469 596 3521 qua
620 3455 646 3504 in
666 3468 694 3505 re
710 3453 863 3519 imaginibus
881 3451 1017 3518 verbisque
1034 3449 1113 3501 utitur
1130 3454 1157 3501 et
1174 3449 1223 3502 sibi

144 3510 171 3554 ⁰¹
197 3518 257 3571 aliis
272 3521 355 3589 poetis
372 3521 438 3574 tritis
456 3537 486 3573 ac
503 3522 677 3588 frequentatis.
703 3522 811 3589 primurn
826 3521 907 3588 ipsam
921 3534 949 3571 se
960 3518 1060 3570 taedam
1073 3517 1223 3584 coniugibus

144 3582 324 3639 trecanum
334 3588 452 3655 minatur,
463 3603 554 3655 nempe
566 3594 596 3642 ut
605 3590 718 3657 pronuba
727 3590 831 3656 Erinys:
849 3603 900 3654 quo
914 3601 990 3639 sensu
1007 3602 1065 3638 curn
1077 3585 1120 3636 alii
1131 3590 1223 3653 poetae

145 3663 185 3681 “
199 3664 266 3719 quos
282 3656 409 3709 ascribere
426 3672 477 3709 non
495 3672 560 3724 opus
577 3664 617 3710 est
627 3658 747 3724 quonlam
759 3672 823 3723 quos
836 3654 955 3722 equidem
966 3655 1026 3706 novi
1040 3654 1111 3706 locos
1123 3657 1224 3772 praeter

145 3705 287 3777 Claudiae,
303 3725 330 3777 ln
347 3723 432 3776 liulln.
448 3725 468 3789 l,
487 3727 519 3778 83
537 3740 625 3778 ornnes
643 3726 800 3778 enumeravit
816 3724 974 3776 Burmannus
992 3723 1025 3775 ad
1042 3721 1115 3773 ovid
1146 3735 1181 3772 er.
1198 3724 1223 3785 t,

149 3776 210 3832 ¹¹⁷
226 3796 312 3843 -tnm
329 3791 425 3845 Seneca
443 3808 506 3846 usus
523 3797 633 3845 estante
645 3807 741 3861 paucos
753 3807 841 3844 versus
854 3790 919 3844 Med.
932 3794 977 3843 1³:
996 3791 1102 3842 sceleris
1113 3789 1224 3839 ultrices

147 3842 242 3915 “⁶⁶⁸2
261 3864 357 3911 crinem
378 3861 473 3912 solans
493 3862 635 3930 squalidae
658 3863 832 3927 serpentibus,
849 3866 937 3911 atram
960 3862 1078 3910 cruenta
1100 3858 1224 3906 montbar

148 3921 298 3981 “militane
313 3927 411 3991 facem,
428 3928 519 3980 adeste
535 3930 662 3981 tbalama's
680 3928 807 3979 horridae
825 3927 960 3994 quondam
977 3930 1041 3977 meis
1059 3924 1151 3990 quales
1174 3927 1224 3973 ete-
