2580 4366
564 228 681 271 ocum

88 379 136 440 diu
161 385 327 439 nocentem.
371 376 440 438 tolle
463 378 619 440 consilium
644 397 678 440 ac
699 397 803 459 preces
866 392 870 399 ‘

87 471 117 524 et
139 464 278 542 imperata
301 480 425 542 perage:
449 463 595 524 devectam
618 473 679 525 rate

87 547 193 628 procul
216 548 245 608 in
269 554 414 635 remotum
436 547 507 608 litus
529 547 657 609 interimi
679 548 757 623 iube,

88 633 206 694 tandem
229 639 262 693 ut
283 632 392 693 residat
413 633 542 711 pectoris
565 633 659 695 nostri
681 634 779 695 timor.

420 781 568 846 CHORVS

284 884 308 945 0
331 885 468 945 funestus
490 884 590 946 multis
613 885 717 965 populi

217 969 357 1047 dirusque
380 970 469 1044 lavor,
491 970 542 1048 qui
566 989 633 1031 euru
655 970 725 1031 llatu

215 1053 277 1115 vela
299 1053 430 1115 secundo
453 1054 523 1116 ratis
544 1054 676 1134 implevit

214 1139 350 1217 vexitque
373 1137 488 1218 procul,
510 1138 668 1218 languidus
690 1139 766 1200 idem

216 1223 325 1284 deserit
346 1223 404 1285 alto
426 1242 571 1304 saevoque
592 1224 675 1285 mari.

214 1308 293 1368 tlevit
315 1307 463 1369 Gracchos
484 1309 649 1370 miseranda
672 1327 791 1388 parens,

216 1392 343 1472 perdidit
364 1393 470 1471 iugens
492 1411 568 1473 quos
590 1393 686 1472 plebis
708 1412 790 1456 amor

217 1476 385 1554 nimiusque
408 1477 488 1537 lavor
510 1495 618 1557 genere
639 1478 780 1553 illustres,

216 1559 324 1639 pietate
345 1561 401 1621 fide
423 1561 524 1640 lingua
547 1561 651 1636 claros,

216 1653 336 1724 pectore
358 1645 460 1719 fortes,
483 1644 597 1724 legibus
619 1663 711 1707 acres.

216 1738 245 1791 te
267 1747 397 1809 quoque,
419 1729 492 1804 Livi,
515 1729 601 1791 simili
624 1729 683 1791 leto

217 1815 346 1875 Fortuna
368 1813 457 1890 dedit,
480 1832 567 1893 quem
591 1833 688 1894 neque
711 1814 805 1876 fasces

216 1908 314 1960 texere
337 1917 407 1961 suae
429 1917 485 1960 nec
506 1906 581 1960 tecta
604 1899 718 1961 domus.

217 1983 302 2063 plura
324 1984 442 2045 referre
456 1984 595 2065 prohibet
619 2002 760 2065 praesens

217 2068 348 2148 exempla
370 2068 470 2129 dolor:
493 2069 581 2130 modo
603 2069 651 2132 cui
674 2069 796 2149 patriam

216 2153 340 2214 reddere
363 2153 440 2215 cives
462 2154 557 2216 aulam
580 2161 609 2216 et
631 2153 728 2215 fratris

215 2237 334 2298 voluere
356 2245 447 2313 toros,
470 2256 552 2300 nunc
574 2238 607 2300 ad
630 2256 756 2319 poenam

215 2321 366 2402 letumque
388 2323 462 2384 trahi
484 2324 605 2385 flentem
627 2325 763 2385 miseram

215 2425 337 2469 cernere
358 2415 493 2488 possunt.
538 2406 614 2470 hene
636 2417 794 2489 paupertas

215 2492 319 2552 humili
341 2499 418 2554 tecto
442 2501 581 2555 contenta
602 2493 686 2555 latet:

217 2576 353 2654 quatiunt
373 2577 445 2639 altas
467 2596 555 2658 saepe
577 2578 723 2658 procellae

216 2669 265 2721 aut
288 2663 390 2723 evertit
411 2660 541 2723 Fortuna
564 2662 676 2724 domos.

421 2796 582 2858 oculvll

246 2920 249 2925 ·
285 2896 350 2968 Quo
373 2915 420 2958 me
441 2896 558 2959 trahitis
580 2897 695 2976 quodve
717 2905 861 2977 tyrannus

216 2991 266 3044 aut
288 2981 407 3043 erilium
429 2981 530 3060 regina
553 2982 645 3057 iubet,

216 3067 240 3127 si
264 3066 335 3127 milri
358 3066 444 3129 vitam
465 3067 556 3129 fracta
579 3067 700 3128 remittit

216 3158 260 3212 tot
282 3151 337 3210 iam
361 3151 471 3214 uostris
493 3161 522 3213 et
543 3152 616 3213 victa
638 3149 745 3212 malis?

216 3235 262 3296 siu
287 3236 374 3299 caede
396 3255 459 3297 mea
483 3236 632 3298 cumulare
654 3243 738 3316 parat

173 3405 223 3455 876
246 3401 357 3454 resideat
380 3403 431 3454 LD
454 3403 559 3455 residiat
582 3403 610 3455 ll.
636 3433 669 3442 —
693 3403 816 3467 tumorQ
840 3402 922 3466 (oum.
941 3417 964 3452 a.
984 3401 1010 3462 Ι.)
1032 3400 1160 3453 to.t.1]

89 3473 137 3524 8'1'1
156 3472 237 3521 tneor.
255 3471 347 3522 choms
365 3472 389 3520 Φ
407 3470 507 3523 chorus.
525 3471 620 3524 ottario
639 3470 670 3523 M
685 3470 753 3523 chor.
771 3475 822 3522 oct.
840 3470 898 3521 reti.
955 3470 1004 3522 882
1023 3483 1065 3520 or.
1083 3467 1109 3519 tl.
1128 3469 1159 3522 0.

88 3566 121 3576 —
140 3544 225 3605 gratos
243 3538 268 3588 D
286 3541 377 3605 gustos
394 3538 515 3589 ZdLOH
532 3544 652 3591 corrant!
671 3538 800 3591 Gruterus
817 3537 961 3589 seeundum
981 3540 1063 3587 trium
1081 3536 1159 3587 Palu·

32 3606 35 3611 '
89 3609 207 3657 tinorum
226 3605 363 3656 lectionem
380 3619 470 3673 granos
488 3612 514 3656 et
530 3621 636 3674 graccos
693 3609 741 3660 887
759 3606 824 3658 levis
836 3606 936 3656 ΣΦΙΛΙ
950 3603 1001 3655 leri
1015 3603 1168 3655 enPalattf

88 3676 131 3724 nis
149 3672 253 3739 aliquot
270 3678 296 3723 et
311 3672 461 3724 Coloniensi
472 3672 601 3726 Gruterus
620 3674 716 3741 adfert,
735 3677 856 3726 correxit
871 3673 963 3724 Bolano
1016 3673 1065 3725 888
1084 3686 1159 3738 quam

88 3741 114 3791 Σ
131 3740 202 3804 (Μυ.
214 3741 230 3794 ἱ.
241 3739 283 3803 Ν,·
299 3740 367 3807 quod
378 3739 415 3804 Μ)
468 3742 517 3795 889
535 3742 573 3795 sui
593 3741 669 3794 codd.
689 3745 809 3794 correxit
827 3741 859 3792 de
877 3740 1057 3794 Wilamowr‘tn
1109 3743 1158 3793 895

89 3807 172 3876 possit
185 3806 243 3859 ltH¹
261 3815 292 3859 ut
303 3808 355 3858 oid.
372 3808 457 3874 possis
468 3808 504 3859 po
554 3813 603 3864 898
620 3809 718 3861 iacetO
760 3812 809 3864 898
828 3807 918 3860 domos
929 3806 984 3872 dab]
1003 3808 1092 3860 domus
1110 3810 1159 3858 ΣΠ

89 3876 140 3929 899
163 3875 264 3941 quodve
280 3875 419 3940 tutum]
444 3875 513 3943 quod
534 3892 574 3929 me
592 3878 629 3929 11²
651 3892 736 3946 quoue
753 3876 811 3942 ltu,
828 3876 850 3928 t
867 3892 892 3930 u.
911 3877 928 3927 l.
1005 3877 1055 3928 902
1077 3875 1159 3929 evicta

98 3941 163 3994 odd.
182 3949 302 3995 correxit
320 3943 470 3996 Gronovius
541 3948 591 3999 993
611 3947 632 3999 si
650 3945 725 3998 codd.
744 3948 865 3997 correxit
883 3943 1032 3996 Gronovius

141 4034 235 4076 Senem
248 4035 373 4089 tragoedico
386 4036 416 4078 11.
931 4031 972 4080 ‘tu
