2580 4366
108 185 150 247 ot
489 201 517 242 n.
540 201 645 243 nunant
667 200 794 243 snuncan

108 351 231 413 missum
253 348 368 412 rotari?
411 361 526 430 potero,
549 351 707 429 perpetiar,
730 352 832 428 leram,

109 438 178 498 dum
202 455 261 497 non
284 455 368 497 meus
390 444 458 514 post
480 436 535 497 lata
557 436 676 497 victoris
698 455 787 498 manu

108 523 232 584 iactetur
254 521 372 583 Hector.
396 555 438 565 -
460 522 507 581 hic
528 539 611 583 suam
634 540 761 600 poenam
784 531 882 602 potest

107 607 228 682 sentire,
251 615 280 667 at
302 606 384 667 illurn
407 608 465 667 lata
488 607 544 666 iam
567 606 597 667 in
620 614 684 667 tuto
706 607 806 669 locant
827 642 868 652 —

108 692 180 772 quid
201 689 377 753 fluctuaris?
405 700 509 766 statue,
533 710 622 770 quem
645 711 758 770 poenae
781 693 923 754 extrahas.

108 779 232 857 ingrata,
256 774 393 838 dubitas?
438 776 548 838 Hector
570 786 614 838 est
637 776 719 838 illinc
741 787 809 839 tuus
831 813 872 822 -

109 881 205 924 erras:
229 862 378 941 utrimque
400 871 445 922 est
467 861 592 936 Hector;
616 861 665 923 hic
686 881 792 923 sensus
815 870 930 943 potens,

108 949 208 1009 forsan
231 948 350 1008 futurus
372 947 451 1007 ultor
473 946 593 1008 extincti
616 947 708 1026 patris
729 982 770 993 —

109 1033 228 1112 utrique
250 1032 331 1111 parci
354 1051 415 1093 non
439 1039 551 1110 potest:
581 1031 652 1110 quid
676 1032 733 1093 iam
754 1030 849 1093 lacis?

107 1137 192 1180 serva
214 1138 230 1180 e
252 1117 377 1191 dnobus,
400 1117 507 1191 anime,
530 1134 618 1195 quem
641 1116 732 1178 llanai
756 1117 868 1179 timent.

107 1203 182 1265 rnix.
226 1203 381 1282 Responsa
402 1220 553 1282 peragam:
585 1202 718 1263 funditus
739 1202 825 1263 busta
851 1221 961 1264 cruam.

108 1307 193 1348 rann.
217 1288 298 1360 Quae
320 1285 514 1348 vendidistis?
580 1305 654 1346 vnrx.
699 1287 821 1366 Pergam
844 1297 873 1349 et
896 1309 912 1349 e
934 1306 1049 1349 summo
1072 1307 1181 1368 aggere

108 1373 220 1434 traham
244 1372 410 1451 sepulchra.
475 1389 560 1431 xnnn.
606 1372 747 1433 Caelitum
769 1373 886 1452 appello
909 1374 994 1435 tidem
1134 1384 1181 1435 666

107 1458 254 1537 fidemque
277 1457 413 1518 Achillis:
449 1456 570 1536 Pyrrhe,
593 1457 736 1535 genitoris
758 1458 801 1518 tui

107 1561 218 1604 munus
239 1552 333 1604 tuere.
399 1561 471 1602 vnrx.
516 1542 661 1602 Tumulus
683 1542 732 1602 hic
753 1561 857 1622 campo
880 1543 976 1604 statim

107 1637 170 1691 toto
192 1628 307 1689 iacebit.
373 1645 458 1687 anna.
502 1627 610 1688 Fuerat
632 1628 688 1687 hoc
710 1645 834 1706 prorsus
857 1631 939 1690 nefas

107 1713 214 1774 Danais
235 1713 383 1775 inausum.
427 1712 534 1791 templa
557 1712 695 1785 violastis,
719 1713 789 1774 deos

108 1799 192 1859 etiam
215 1798 361 1861 faventes:
385 1797 469 1857 busta
493 1798 649 1858 transierat
670 1799 763 1857 furor.

107 1884 252 1960 resistam,
275 1885 405 1944 inermes
427 1883 546 1942 olleram
570 1883 687 1942 armatis
710 1901 824 1958 manus,

107 1968 186 2029 dabit
208 1970 250 2029 ira
272 1969 357 2029 vires.
402 1967 496 2046 qualis
519 1967 670 2046 Argolicas
692 1967 775 2027 ferox

106 2064 219 2115 turmas
242 2057 369 2114 Amazon
393 2052 502 2127 stravit,
525 2061 575 2114 aut
598 2052 693 2131 qualis
716 2053 769 2112 deo

108 2157 247 2219 percussa
269 2137 387 2198 Maenas
409 2138 516 2198 entheo
540 2137 625 2198 silvas
648 2138 740 2216 gradu

108 2231 216 2284 armata
237 2224 340 2302 thyrso
362 2229 455 2283 terret
476 2231 564 2301 atque
588 2241 693 2300 expers
716 2222 762 2283 sui

107 2308 215 2368 vulnus
238 2308 317 2368 dedit
340 2326 395 2367 nec
418 2306 519 2380 sensit,
543 2306 573 2366 in
596 2306 709 2368 medios
732 2325 814 2367 ruam

107 2393 282 2471 tumuloque
304 2392 413 2452 cineris
435 2392 514 2452 socia
538 2392 657 2453 defenso
680 2392 789 2452 cadam.

107 2496 181 2538 vnrx.
227 2477 352 2538 Cessatis
374 2484 402 2538 et
424 2495 474 2538 vos
496 2476 602 2539 flebilis
625 2477 735 2538 clamor
756 2485 853 2537 movet

108 2563 250 2640 furorque
273 2581 373 2622 cassus
396 2559 545 2622 feminae?
589 2563 668 2624 iussa
691 2562 774 2622 ocius

107 2648 248 2726 peragite.
313 2666 398 2708 xunn.
444 2647 499 2721 lle,
523 2666 570 2708 me
593 2647 715 2708 sternite
737 2648 786 2707 hie
808 2646 886 2708 ferro
912 2647 1003 2725 prius.

107 2731 245 2811 repellor,
269 2733 327 2793 heu
350 2751 407 2793 me.
451 2750 556 2810 rumpe
578 2732 704 2793 satorum
728 2750 834 2806 moras,

107 2818 212 2879 molire
233 2825 337 2892 terraS,
361 2816 479 2891 Hector,
502 2825 535 2878 ut
557 2815 659 2878 Vlixen
683 2818 794 2878 domes

106 2902 153 2965 vel
174 2902 277 2963 umbra
300 2902 369 2963 satis
392 2921 423 2963 cs
445 2936 487 2947 —
510 2920 588 2962 arma
611 2901 764 2964 concussit
786 2921 885 2979 manu,

107 2988 251 3049 iaculatur
273 2988 357 3065 ignes
379 3022 420 3032 -
443 2987 574 3061 cernitis,
596 2987 697 3062 llanai,
720 2985 899 3049 Hectorem?

108 3092 145 3134 an
168 3073 229 3134 sola
251 3070 357 3133 rideol
422 3091 496 3133 vmx.
543 3072 686 3134 Funditus
708 3081 815 3134 cuncta
838 3091 947 3134 eruam.

107 3177 192 3219 xnnn.
237 3157 313 3229 Quid
336 3155 420 3235 agis?
450 3158 537 3218 ruina
559 3157 669 3236 pariter
691 3166 720 3218 et
742 3168 842 3219 natum
866 3168 895 3220 et
916 3158 1011 3218 tirum

107 3243 273 3322 prosternis
295 3240 376 3302 unal
410 3243 530 3303 forsitan
555 3241 670 3303 Danaos
692 3261 780 3321 prece

107 3328 223 3407 placare
247 3328 368 3409 poteris.
413 3327 563 3388 conditum
588 3326 679 3388 illidet
702 3327 798 3389 statim

109 3414 236 3475 immane
259 3412 338 3473 busti
361 3413 478 3491 pondus
499 3446 541 3456 -
564 3413 690 3474 intereat
712 3413 800 3474 miser

192 3599 240 3648 663
261 3596 400 3663 perpetiar:
423 3611 434 3645 r
452 3611 521 3646 anm
535 3597 629 3647 lnall
681 3599 730 3649 668
748 3595 801 3648 illic
819 3600 838 3660 ς
889 3597 938 3648 656
957 3609 1034 3647 sensu
1052 3598 1071 3658 ς
1088 3609 1179 3646 suenus

107 3668 166 3729 post
183 3663 251 3714 etlt'
302 3668 351 3717 666
371 3665 499 3716 lorsamll
551 3666 598 3716 661
618 3664 739 3731 quidnam
758 3664 833 3715 codd.
844 3667 953 3714 conani
1005 3665 1054 3716 666
1073 3662 1180 3730 pyrrilt'

106 3734 153 3784 ott
174 3731 318 3783 inermisll
392 3736 439 3785 ott
467 3732 668 3798 tumulloquell
746 3734 795 3785 679
820 3731 937 3785 casuslll
1011 3733 1058 3784 681
1084 3730 1180 3798 repelle

106 3798 255 3863 animumg
289 3799 429 3863 (Avernum
448 3801 587 3865 Aventius,
605 3804 656 3853 τῖε.
676 3801 727 3865 Aa)
800 3803 850 3854 683
868 3800 931 3853 satis
949 3803 988 3852 est
1006 3799 1059 3864 Ες
1128 3800 1179 3852 684

106 3866 228 3918 iaculetur
246 3869 265 3931 ς
342 3871 391 3920 685
413 3883 472 3920 erue
489 3869 515 3919 A
592 3871 642 3922 686
660 3869 731 3920 ruina
750 3872 830 3920 mater
847 3874 873 3921 et
891 3868 966 3921 codd.
986 3870 1107 3918 correxit
1124 3867 1179 3919 Iao.

109 3934 258 3985 Gronovius
327 3939 376 3988 688
395 3936 515 3989 etidetA
