2580 4366
159 193 218 265 118
537 217 566 260 n.
590 217 696 259 anunm
718 218 846 262 suuncio
891 265 896 280 .

154 387 209 431 us.
253 367 398 446 Suspecta
421 384 460 427 ne
483 366 560 442 sint,
583 367 671 446 longa
694 368 841 448 colloquia
863 381 991 452 amputa.

154 473 222 516 usn.
252 451 340 513 Nunc
361 469 476 512 summo
499 460 562 513 toto
584 452 719 532 luppiter
742 454 823 515 caelo
845 466 925 533 tona,

154 537 276 603 intende
298 537 444 608 dextram,
467 536 598 599 vindices
619 538 750 600 flammas
772 557 843 619 para

155 639 333 701 omnemque
356 621 452 701 ruptis
475 621 606 684 nubibus
629 623 775 684 mundum
798 631 895 703 quate.

40 727 42 731 ’
156 727 212 771 nec
234 706 374 786 deligenti
397 706 454 768 tela
475 705 623 768 librentur
645 725 734 770 manu

153 793 200 855 vel
222 810 270 854 me
291 791 336 853 vel
358 791 462 853 istum:
486 792 623 873 quisquis
645 813 662 855 e
684 792 770 854 nobis
795 795 879 856 cadet

153 895 266 941 nocens
288 875 412 956 peribit,
435 895 496 939 non
518 884 618 955 potest
639 877 670 939 in
694 897 749 939 nos
771 886 856 940 tuum

153 981 253 1025 errare
274 961 398 1023 fulmen.
485 980 538 1023 ras.
565 962 642 1024 Sana
665 963 799 1025 meditari
821 964 927 1044 incipe.

76 1104 83 1113 .
153 1057 183 1110 et
204 1047 317 1128 placida
332 1047 410 1129 flare.
455 1047 480 1107 si
503 1047 594 1127 quod¹
607 1067 643 1111 ex
664 1049 761 1110 soceri
783 1050 870 1111 domo

152 1141 252 1215 potest
271 1132 373 1212 lugam
394 1131 490 1192 levare
512 1111 659 1206 solitudo,
683 1141 760 1214 pete.
959 1120 964 1145 '

152 1237 222 1280 uno.
251 1218 448 1280 Contemnere
468 1215 587 1279 ¹animus
609 1218 722 1296 regias,
745 1226 779 1280 ut
800 1219 879 1296 scis,
903 1239 976 1301 opes

151 1311 252 1384 potest
273 1302 406 1380 soletque
413 1319 422 1376 ;
445 1300 555 1363 liberos
577 1311 692 1364 tantum
714 1305 802 1383 fugae

151 1388 261 1451 habere
284 1387 405 1449 comites
425 1384 513 1448 liceat
534 1387 566 1448 in
589 1407 716 1467 quornm
740 1390 808 1451 sinn

151 1472 288 1536 lacrimas
310 1470 499 1552 profundam.
543 1482 572 1534 te
595 1473 663 1534 novi
686 1473 746 1536 nati
770 1483 901 1535 manent.

151 1577 205 1620 ras.
249 1558 358 1619 Parere
379 1556 519 1637 precibus
542 1575 652 1636 cupere
675 1576 723 1620 me
744 1559 838 1621 fateor
861 1561 937 1633 tuis;
969 1589 973 1596 ·

126 1719 128 1724 Ι
152 1643 247 1724 pietas
270 1650 361 1705 vetata
389 1660 517 1722 namque
539 1641 618 1704 istud
642 1651 675 1705 ut
697 1643 809 1727 possim
831 1645 901 1723 pati,

68 1758 70 1763 ·
152 1747 215 1790 non
237 1729 302 1809 ipse
324 1735 433 1789 memet
455 1736 540 1807 cogat
562 1735 591 1788 et
613 1746 665 1789 rex
688 1735 718 1789 et
739 1747 834 1790 socer.

83 1880 85 1887 ,
150 1813 225 1876 haec
247 1831 335 1875 causa
358 1813 433 1877 vitae
455 1821 516 1888 est,
538 1814 596 1873 hoc
618 1813 733 1892 perusti
755 1814 885 1893 pectoris

152 1899 232 1960 curis
254 1899 397 1960 levamen.
441 1897 549 1977 spiritu
572 1897 661 1959 citius
683 1917 789 1978 queam

151 2002 268 2059 carere,
290 1982 445 2060 membris,
468 1982 544 2043 luce.
631 2002 701 2044 uno.
734 1983 785 2045 Sic
808 1992 892 2045 natos
914 1981 1013 2045 amat‘l

150 2068 227 2131 bene
250 2078 309 2143 est,
333 2075 461 2142 tenetur,
484 2067 599 2129 vulneri
622 2067 717 2148 patuit
738 2068 833 2131 locus.
856 2101 899 2112 —

151 2172 289 2234 suprema
312 2160 392 2214 certe
414 2153 501 2213 liceat
523 2152 680 2215 abeuntem
702 2152 786 2232 loqui

150 2239 301 2314 mandata,
323 2239 409 2299 liccat
431 2237 568 2299 ultimum
589 2238 765 2318 amplexum.
781 2239 866 2299 dare:

151 2332 267 2402 gratnm
290 2331 335 2384 est
356 2332 386 2383 et
406 2323 489 2384 illud.
533 2340 604 2384 voce
627 2323 685 2384 iam
708 2333 836 2385 extrema
858 2332 938 2403 peto,
1052 2371 1056 2381 .

135 2421 200 2482 ne,
222 2409 247 2470 si
270 2427 327 2487 qua
350 2415 453 2469 noster
474 2407 582 2468 dubius
605 2407 709 2470 effudit
730 2408 825 2483 dolor,

150 2503 290 2554 maneant
310 2493 342 2554 in
364 2493 462 2554 animo
485 2491 589 2554 verba:
612 2492 744 2554 melioris
765 2493 818 2554 tibi

150 2578 291 2639 memoria
313 2578 409 2639 nostri
431 2578 546 2653 sedeat3
570 2577 642 2639 haec
663 2578 726 2639 irae
748 2577 813 2640 data

150 2662 368 2724 oblitterentur.
455 2682 509 2723 raa.
533 2662 640 2724 Omnia
662 2663 818 2725 exanimo
841 2661 941 2742 expuli

150 2765 317 2828 precorque
340 2747 470 2828 etipse,
493 2747 635 2808 fervidam
657 2756 691 2809 ut
712 2756 843 2810 mentem
866 2765 951 2826 regas

149 2832 324 2912 placideque
346 2840 467 2894 tractes:
489 2832 623 2893 miserias
645 2831 718 2893 lenit
741 2833 835 2912 quies.

149 2937 220 2980 uno.
252 2917 401 2979 Discessit.
446 2918 526 2979 itane
549 2914 617 2983 est?
640 2916 719 2978 vadis
743 2917 852 2979 oblitus
874 2915 932 2976 mei

150 3014 180 3065 et
201 3010 245 3064 tot
268 3021 403 3065 meorum
424 2999 612 3064 facinorum?
635 3001 797 3064 excidimus
819 2997 896 3064 tibi?

150 3106 313 3167 numquam
336 3087 514 3150 excidemus.
558 3087 616 3148 hoc
638 3105 708 3166 age,
732 3105 836 3148 omnes
858 3085 965 3148 advoca

149 3173 226 3235 vires
249 3181 279 3234 et
300 3182 387 3235 artes.
432 3174 548 3234 fructus
570 3182 616 3235 cst
637 3171 783 3233 scelerum
806 3170 859 3232 tibi

150 3259 266 3320 nullum
289 3258 386 3320 scelus
407 3267 523 3338 putare.
580 3257 628 3318 vix
649 3256 746 3319 fraudi
769 3264 813 3318 est
835 3256 934 3344 locus:

149 3343 298 3406 timemur.
341 3343 396 3404 hac
418 3342 595 3422 aggredere,
618 3360 675 3422 qua
699 3360 786 3403 nemo
810 3350 908 3422 potest

151 3429 309 3509 quicquam
331 3427 444 3490 timere.
466 3428 475 3460 x
489 3445 580 3507 perge
602 3445 702 3499 nuno,
725 3427 817 3503 aude,
840 3426 940 3505 incipe

150 3514 295 3594 quidquid
316 3520 416 3594 potest
438 3513 556 3589 Medea,
579 3513 723 3593 quidquid
746 3530 807 3573 non
830 3519 939 3591 potest.

152 3631 356 3640 mu*

218 3700 268 3750 534
286 3696 404 3764 diligenti
422 3698 498 3749 codd.
510 3699 631 3749 correcte
639 3696 752 3748 Botdim
764 3695 936 3761 (decennius).
953 3723 988 3734 -
1005 3696 1142 3748 mauumld
1176 3699 1225 3750 535

148 3763 228 3817 inme
245 3765 288 3817 vel
303 3765 355 3816 i.A
403 3767 453 3818 538
471 3764 567 3833 quidA
619 3767 669 3818 545
686 3763 755 3816 istud
774 3779 825 3816 aon
843 3779 948 3832 possum
966 3762 1045 3829 (haud
1057 3780 1083 3832 p.
1093 3765 1227 3830 Poggius,

147 3833 292 3898 Acontius)
308 3833 334 3883 A
368 3835 418 3887 546
438 3848 489 3885 non
507 3832 633 3900 siipseA
668 3835 717 3886 549
729 3832 877 3901 signatosln'
894 3832 916 3885 si
930 3831 970 3884 hic
983 3832 1091 3885 natosA
1125 3836 1176 3886 554
1194 3845 1225 3885 ne

47 3947 53 3957 ,
146 3900 257 3968 quasi&
292 3903 340 3954 555
350 3901 502 3968 meliortsed
511 3900 862 3966 m.Poggiue,Aoontiru)A
897 3903 947 3954 556
957 3900 1078 3953 subeatA
1113 3901 1225 3967 ddSipsa

134 3972 162 4035 ς
196 3971 251 4024 562
268 3968 374 4025 excides
391 3968 425 4024 Ε.
443 4000 478 4012 -
496 3968 620 4024 omnisll
665 3971 712 4024 ott
732 3969 963 4037 potes-potem.
980 3996 1015 4009 -
1031 3967 1122 4022 Medea
1140 3967 1226 4021 omli
