2602 4380
585 243 704 286 OCTAVIA

237 404 303 458 nata
325 394 455 467 Lucreti,
479 401 615 473 stuprum
638 394 715 455 saevi

236 498 321 560 passa
343 479 470 559 tyranni.

236 565 317 626 dedit
338 564 451 625 infandi
473 563 593 625 sceleris
616 580 726 642 peenas

238 668 306 711 cum
328 648 489 727 Tarquinio
513 647 609 709 Tullia
631 647 771 720 coniunx,

238 751 313 814 quae
336 753 389 813 per
412 734 489 796 eaesi
512 732 642 794 membra
663 733 795 811 parentis

238 819 298 896 egit
319 837 421 880 saevos
442 817 532 897 impia
555 834 660 878 currus

238 904 396 982 laceroque
418 903 483 964 seni
506 902 630 964 violenta
653 920 741 981 rogus

240 998 305 1050 nata
329 989 453 1068 negarit

240 1074 312 1135 haec
335 1092 454 1153 quoque
478 1072 537 1134 nati
560 1071 657 1133 videre
680 1073 762 1133 nefas

241 1159 356 1219 saecula
379 1176 528 1236 magnum,
552 1175 619 1218 eum
642 1155 829 1236 Tyrrhenum

241 1254 303 1305 rate
326 1243 408 1304 ferali
430 1241 570 1322 princeps
593 1251 706 1321 captam

242 1327 345 1388 fraude
367 1336 520 1407 parentem
543 1326 622 1387 misit
644 1327 675 1387 in
699 1344 819 1405 aequor.
931 1365 935 1372 -

241 1420 404 1491 properant
426 1411 557 1491 placidos
579 1411 715 1490 linquere
738 1422 841 1490 portus

204 1517 207 1524 ·
243 1497 316 1558 iussi
338 1506 454 1572 nautae,
477 1505 619 1558 resonant
640 1495 729 1558 remis

241 1583 359 1662 pulsata
380 1583 469 1643 freta:

244 1668 388 1728 1erturin
411 1666 502 1727 altum
524 1675 663 1745 proveeta
684 1665 764 1740 ratis,

245 1771 321 1831 quae
342 1752 472 1813 resoluto
496 1752 603 1812 robore
626 1750 728 1812 labens

245 1855 347 1916 pressa
369 1835 494 1898 dehiscit
515 1836 674 1914 sorbetque
697 1853 786 1896 mare.

246 1921 361 1982 tollitur
383 1921 489 1999 ingens
512 1922 680 1982 clamored
703 1928 781 1981 astra

247 2025 315 2067 curn
337 2006 465 2067 feminee
488 2005 596 2067 mixtus
620 2005 750 2085 planetu.

247 2108 328 2152 murs
349 2100 417 2152 ante
439 2090 541 2151 oeulos
563 2091 625 2151 dira
648 2099 783 2168 vagatum

248 2175 363 2255 quaerit
383 2175 434 2236 leti
457 2175 512 2236 sihi
536 2175 662 2254 quisque
684 2176 799 2253 sugam:

246 2260 295 2321 alii
317 2260 431 2322 lacerae
453 2260 563 2340 puppis
586 2259 692 2321 tabulis

248 2345 371 2406 haerent
392 2345 464 2406 nudi
485 2345 654 2423 fluctusque
677 2355 787 2418 secant,

248 2438 387 2509 repetunt
409 2430 456 2490 alii
479 2430 564 2490 litera
588 2437 707 2503 nantes;

249 2514 358 2576 multos
380 2523 519 2592 mergunt
541 2515 598 2575 iata
621 2514 778 2593 protunda.

250 2600 358 2660 scindit
380 2608 473 2660 vestes
496 2601 627 2677 Augusta
649 2617 717 2660 suas

250 2685 415 2764 laceratque
438 2703 536 2744 eomas
557 2684 632 2762 rigat
654 2694 684 2745 et
705 2683 823 2743 maestis

249 2770 367 2830 iletibus
390 2787 449 2830 era.

251 2863 407 2934 postquam
430 2872 498 2932 spes
520 2863 565 2914 est
587 2853 666 2914 nulla
690 2853 802 2926 salutis,

251 2940 357 2999 ardens
379 2938 432 3014 ira,
455 2939 511 3000 iam
535 2938 608 2998 vieta
629 2937 727 2999 maiis:

252 3024 342 3084 ‘haee'
365 3024 505 3084 exclamat
527 3023 610 3083 ‘mihi
631 3041 687 3102 pre
710 3030 789 3083 tanto

252 3126 375 3168 munere
398 3108 498 3169 reddis
521 3108 658 3187 praemia,
682 3104 771 3167 nate?

253 3193 306 3253 hac
329 3211 405 3268 sum,
428 3194 531 3267 fateor,
555 3193 642 3270 digna
666 3192 774 3264 carina,

253 3296 328 3356 quae
351 3287 379 3338 te
401 3277 501 3355 genui,
526 3295 600 3356 quae
622 3276 675 3337 tibi
697 3278 792 3338 lucem

254 3372 340 3440 atque
363 3361 520 3441 imperium
542 3380 712 3440 nomenque
735 3362 801 3422 dedi

254 3446 384 3508 Caesaris
406 3465 516 3507 amens.
561 3465 646 3508 exere
670 3447 767 3507 vuitus

254 3533 421 3594 Acherunte
444 3543 510 3593 tuus
534 3533 699 3611 poenisque
722 3532 794 3592 meis

254 3635 384 3696 pascere,
408 3618 555 3679 coniunx:
831 3610 834 3628 '
1168 3626 1208 3677 310

211 3771 259 3819 305
279 3767 396 3886 tarppino
414 3767 463 3817 HD
533 3770 580 3819 307
600 3781 693 3819 suevus
715 3767 767 3832 egit
791 3765 813 3816 L
882 3765 933 3817 308
952 3764 1095 3833 laceroque
1119 3765 1206 3831 LQT']

126 3836 316 3900 lacerosque}
340 3839 366 3884 Π
381 3837 504 3900 (queem.
522 3835 552 3900 0)
605 3838 655 3887 310
674 3835 734 3886 hee:
759 3849 787 3885 ec
810 3836 827 3883 i.
851 3848 904 3882 ras.
927 3830 962 3882 Τ2
987 3833 1038 3885 hoc
1057 3833 1108 3897 >30
1163 3837 1205 3888 311

127 3901 221 4028 {caepepa
241 3905 311 4020 pvnl
362 3905 408 3954 311
429 3903 543 3968 protecta
561 3903 636 3955 endd.
650 3906 771 3955 eorrupit
785 3902 915 3952 stauratius
974 3903 1023 3953 331
1045 3904 1096 3968 est]
1118 3902 1208 3956 11ch

208 3985 224 4021 u
