2580 4366
446 229 591 273 annutans
613 213 761 292 [onranvs]

359 378 520 441 NVNTIVS

67 477 132 548 Quo
156 498 244 541 nenio
267 481 363 542 vitam.

374 585 458 627 nuos.
502 565 609 626 Laetus
632 566 744 626 adeone
766 566 885 630 ultimos

66 647 172 709 invasit
193 648 301 728 ignes?
344 670 428 713 uum.
473 651 546 713 Esse
568 651 625 712 iam
648 651 778 714 flammas
800 653 875 715 nihil
959 702 964 707 .

68 733 198 795 ostendit
219 735 277 796 ille.
322 737 393 814 quid
416 735 471 796 snb
494 736 552 796 hoo
573 736 685 797 mundo
708 734 851 799 Hercules

66 818 198 880 immune
220 820 299 881 vinei
320 818 429 900 liquit?
458 840 495 882 en
519 821 629 882 domita
652 819 761 883 omnia.

66 920 150 963 cnon.
196 903 277 964 lnter
299 923 422 984 vapores
445 906 512 984 quis
534 905 591 967 luit
613 905 682 966 lorti
704 904 811 969 locus?

65 1005 149 1049 uvnr.
198 989 283 1060 Quod
305 1009 400 1051 unum
422 991 453 1051 in
477 989 549 1051 orbe
570 991 679 1051 vicerat
700 992 833 1053 nondum
856 992 975 1068 malum,

66 1082 95 1134 et
117 1074 232 1134 [lamma
255 1075 328 1136 vieta
351 1085 410 1149 est3
434 1076 506 1136 haee
529 1093 650 1155 quoque
672 1077 795 1138 accessit
817 1078 901 1138 feris:

65 1157 144 1219 inter
165 1159 280 1220 lahores
303 1160 381 1239 ignis
403 1159 567 1222 llerouleos
589 1160 658 1221 abit.

65 1261 151 1304 enon.
193 1243 331 1305 Edissere
352 1246 489 1324 agedum,
511 1246 626 1306 [lamma
650 1263 709 1324 quo
733 1246 806 1308 ricta
830 1255 875 1308 est
897 1245 1008 1308 modo?

64 1346 149 1388 surr.
194 1328 230 1389 Vt
252 1331 349 1391 omnis
372 1330 466 1392 Oeten
490 1341 598 1392 maesta
621 1330 767 1410 corripuit
789 1349 905 1408 manus,

64 1413 135 1474 huie
157 1414 241 1491 fagus
263 1413 383 1476 umbras
406 1416 503 1495 perdit
525 1424 555 1477 61
576 1423 638 1476 1616
661 1415 736 1478 16661

64 1498 194 1560 suecissa
216 1506 334 1573 trunco,
356 1499 448 1561 lleetit
469 1500 518 1560 hio
540 1500 645 1579 pinum
667 1502 751 1561 ferox

64 1583 150 1644 astris
172 1583 334 1644 minantem
356 1592 386 1644 et
407 1584 487 1644 nuhe
510 1583 546 1644 de
568 1583 663 1645 media
686 1593 782 1645 vocat:

64 1668 178 1729 ruitura
201 1676 316 1729 cautem
338 1669 429 1729 movit
451 1676 480 1728 et
501 1667 602 1729 silvam
624 1667 692 1728 tulit

63 1771 166 1814 seeum
187 1753 343 1814 minorem.
388 1751 516 1813 Chaonis
538 1751 633 1831 qualis
655 1753 763 1832 loquax

63 1847 120 1900 stat
141 1847 220 1899 vasta
242 1838 299 1898 late
321 1856 450 1917 quereus
473 1849 503 1898 et
524 1836 678 1899 Phoebum
701 1847 777 1900 vetat

63 1923 199 2002 ultraque
220 1931 299 1983 totos
321 1923 447 2003 porrigit
469 1941 566 1984 ramos
588 1940 710 1997 manus;

62 2008 154 2086 gemit
174 2007 224 2069 illa
245 2008 339 2068 multo
361 2008 482 2069 volnere
503 2008 649 2086 impresso
671 2007 770 2069 minax

61 2093 231 2171 frangitque
254 2110 376 2166 euneos,
399 2092 494 2153 resilit
514 2093 653 2154 incussus
675 2092 795 2172 chalybs

61 2177 228 2256 volnusque
250 2177 363 2238 ferrum
385 2177 497 2257 patitur
518 2188 547 2239 61
568 2177 696 2255 rigidum
720 2187 764 2239 est
785 2196 901 2258 parurn.

62 2271 208 2324 commota
231 2263 349 2324 tandem
372 2281 440 2324 eum
463 2261 571 2324 cadens
593 2261 681 2324 latam
704 2263 750 2324 sui

61 2348 146 2408 duxit
167 2347 293 2422 ruinam,
315 2348 453 2427 protinus
475 2347 574 2408 radios
595 2348 681 2409 locus

61 2433 179 2493 admisit
200 2450 318 2493 omnes:
342 2433 461 2494 sedihus
482 2433 586 2512 pulsae
608 2433 671 2494 suis

61 2519 197 2578 volueres
220 2527 376 2596 pererrant
398 2535 518 2579 nemore
541 2520 657 2579 suooiso
680 2517 755 2578 diem

61 2613 269 2681 quaeruntque
291 2603 375 2663 lassis
397 2603 531 2682 garrulae
553 2602 656 2682 pinnis
678 2603 792 2665 domus.

60 2689 188 2766 iamque
202 2686 298 2747 omnis
320 2688 408 2748 arhor
429 2688 530 2748 sonuit
552 2696 582 2748 et
603 2706 703 2748 saurae
724 2706 844 2766 quoque

61 2791 183 2834 sensere
205 2788 333 2850 quercus
355 2771 503 2832 horridam
525 2771 606 2831 ferro
629 2789 748 2832 manum

60 2857 196 2936 nullique
217 2855 349 2937 priscum
371 2856 485 2935 proluit
505 2855 574 2916 lneo
597 2874 717 2929 nemus3

60 2943 212 3020 aggeritur
235 2940 331 3001 omnis
354 2941 424 3002 silva
447 2948 477 3001 61
498 2939 628 3001 alternae
649 2940 748 3002 trahes

59 3028 91 3088 in
115 3036 190 3088 astra
213 3025 321 3087 tollunt
343 3024 464 3087 Herculi
486 3034 645 3103 augustum
667 3043 788 3103 rogum:

149 3212 215 3263 1616
232 3216 284 3261 tam
296 3209 321 3259 E
374 3211 437 3262 1611
458 3209 502 3276 qui
514 3208 562 3260 suh
575 3222 666 3260 occasu
684 3207 839 3259 HerculesA
856 3206 899 3273 qui
911 3207 959 3258 sub
976 3206 1025 3259 hoe
1036 3206 1134 3260 mundo

58 3277 173 3330 Herculis
195 3277 221 3328 ll
244 3278 353 3328 eorreoei
439 3280 504 3329 1612
527 3277 621 3328 virtute
646 3276 713 3328 vinei
738 3274 860 3327 indomita
884 3274 973 3327 docuit
995 3276 1079 3327 omnia
1106 3276 1131 3326 A

60 3349 127 3399 1614
146 3344 231 3398 orbem
249 3345 283 3398 E.
306 3374 340 3383 —
361 3348 467 3397 venerat
484 3345 510 3395 A
580 3342 748 3397 1619111611
771 3343 830 3395 hine
847 3345 873 3394 A
891 3347 1011 3395 correxit
1029 3342 1131 3395 Grono-

58 3417 126 3465 vius.
145 3417 291 3479 -1616ς
361 3414 426 3465 1626
444 3412 515 3465 flexit
533 3412 593 3464 hine
609 3414 635 3463 A
711 3413 776 3464 1622
794 3418 881 3464 cautes
899 3411 978 3463 movit
996 3415 1022 3462 et
1039 3411 1131 3463 silvam

58 3481 136 3534 trahit
154 3483 178 3533 A
237 3485 303 3535 1623
322 3480 449 3548 quondam
466 3482 562 3549 loquax
580 3480 656 3531 eodd.
676 3484 787 3531 cuneati
843 3482 909 3533 1624
927 3485 979 3532 stat
994 3479 1046 3531 1616
1063 3480 1132 3532 vasti

57 3553 90 3600 A.
108 3555 184 3601 —et
203 3564 298 3617 poenas
314 3555 391 3601 vocat
408 3549 433 3599 Ε
504 3552 568 3602 1626
587 3562 671 3600 ramos
688 3563 778 3600 nemus
797 3548 821 3598 A
874 3550 939 3602 1626
956 3546 1063 3599 vulnere
1080 3546 1132 3598 EA

60 3621 124 3670 1621
144 3633 266 3670 exeussus
284 3618 309 3668 A
398 3619 462 3670 1623
480 3617 577 3684 patitur
594 3621 621 3668 et
644 3620 759 3668 truncum
777 3615 843 3683 fugit
860 3617 886 3667 A
910 3616 1005 3683 patitur
1022 3614 1131 3682 frigidus

57 3700 148 3754 parum
165 3686 190 3737 lt
208 3689 329 3737 correxit
345 3684 457 3736 Bothiue
475 3689 514 3750 (ut
531 3684 640 3752 rigidum
658 3700 746 3751 parurn
766 3683 926 3749 Gronomm)
992 3685 1131 3736 1629166·

57 3754 116 3806 dem
134 3762 173 3806 est
193 3758 245 3807 tum
256 3755 373 3819 (tunelA
389 3752 491 3805 tandem
504 3756 559 3806 lum
576 3753 602 3803 Ε
614 3756 731 3805 corraei.
749 3752 913 3805 -eandens
924 3753 941 3805 l.
955 3768 975 3806 s.
993 3752 1019 3802 lt
1036 3751 1130 3804 cadens

56 3823 126 3874 lenta
143 3837 214 3874 mora
231 3823 256 3873 A
327 3824 390 3876 1631
410 3822 493 3873 omnis
512 3822 537 3872 Ε
599 3824 662 3875 1632
681 3820 780 3874 succiso
798 3821 890 3873 domus
907 3821 933 3871 A
991 3824 1056 3874 1633
1074 3821 1130 3888 pin·

57 3891 98 3942 nis
122 3905 211 3942 nemus
228 3890 279 3942 All
297 3907 366 3942 corr.
385 3893 404 3955 ς
493 3893 556 3943 1636
574 3890 644 3957 ligno
667 3905 757 3942 nemus
774 3890 800 3941 A
887 3892 950 3943 1631
969 3894 1087 3942 aeternae
1104 3887 1130 3938 E

60 3961 125 4012 1638
144 3966 280 4026 augustum
297 3961 322 4011 A
339 3963 448 4026 anguste
466 3957 490 4008 Ε
508 3975 578 4010 eorr.
600 3966 619 4024 ς

883 4042 936 4094 *tt*
