2602 4380
560 204 719 249 minumus.

311 360 444 436 irrumpit,
466 374 562 419 omrem
583 356 708 437 undique
727 354 841 436 ampodi
860 356 1043 437 adstropuntr

311 460 455 503 summum
476 459 608 502 oooumon
629 452 712 503 rorut
733 440 856 520 inpono
877 440 949 513 sule,

311 537 424 607 spumat
445 530 586 606 vomitque
607 525 715 587 viribus
737 524 859 587 neuun
880 520 974 605 uptus

312 611 404 692 puolis
422 630 475 691 por
496 610 556 672 olto
578 610 692 673 volitur
714 610 825 671 Ooouni
843 611 925 689 [retu

311 698 433 775 dotatum
454 696 610 774 refundens
631 713 680 757 oro
697 694 832 775 pluriter
852 712 960 775 capum.

312 780 456 843 inhorruit
478 800 627 842 conmissus
647 781 796 842 oritanum
816 778 920 859 potus

312 865 449 967 solvitque
469 884 527 927 seso
549 877 575 927 et
596 864 678 926 litori
697 868 809 926 iuoeorit
830 864 946 927 mulum

312 955 407 1011 utuius
429 954 539 1012 timore
579 961 687 1029 pontus
708 953 740 1010 in
760 958 857 1011 torrns
876 953 942 1011 ruit

313 1054 452 1115 saltimque
473 1046 634 1096 monstrum
655 1037 839 1134 sequitur-
861 1052 894 1097 os
896 1044 1031 1163 prosum
1048 1043 1141 1097 mnu.

314 1125 376 1200 ouis
397 1118 452 1180 lul
437 1119 511 1180 litus
533 1119 581 1180 otte
602 1123 730 1199 eorporis
752 1124 831 1181 uasti
849 1120 927 1198 suit.

314 1204 444 1265 ooomolou
466 1216 568 1266 taurus
590 1203 661 1266 oolla
683 1203 814 1265 molimis
833 1222 936 1283 perum

314 1294 406 1351 eremit
428 1289 517 1351 ultum
538 1291 635 1368 fronto
656 1289 798 1350 viridanti
817 1289 919 1351 iulum
942 1308 969 1351 e.
986 1308 1015 1369 q
1030 1309 1052 1351 s.

196 1847 273 1909 lluio
295 1846 486 1925 disputationi
509 1844 593 1925 quasi
616 1844 750 1924 epimatri
772 1845 839 1907 looo
862 1863 898 1907 ao
920 1865 960 1909 ne
978 1847 1094 1909 unicum
1108 1839 1162 1904 illud

111 1932 348 2013 interpolationis
372 1931 536 2027 exemplum
560 1949 625 1992 esse
648 1930 760 2006 credas,
782 1948 876 2011 pauca
899 1932 1045 2011 quaedam
1059 1926 1164 1992 admoti

112 2028 186 2096 puto
209 2016 375 2094 dequibus
398 2034 458 2076 non
481 2016 580 2076 minus
602 2026 681 2076 uerte
704 2015 826 2076 iudicari
844 2034 936 2095 posse
951 2016 1089 2079 videatur.
1118 2010 1164 2093 pr'r

112 2121 192 2162 nium
215 2110 311 2163 autem
335 2100 436 2161 hano
428 2101 543 2180 inspice
565 2100 683 2187 Medeae
699 2107 766 2180 post
780 2119 874 2163 unum
890 2100 986 2165 filium
1002 2100 1165 2164 intentum

111 2186 390 2287 verba(v.10ll9):

315 2274 342 2330 si
359 2281 453 2351 posset
474 2289 534 2332 torm
556 2271 636 2332 ruodo
657 2273 762 2340 ,sotiori
780 2269 987 2344 latomenus,

257 2362 261 2370 ’
315 2356 427 2416 mullum
444 2360 566 2436 petisset.
609 2366 642 2416 ut
664 2356 734 2417 duos
751 2359 906 2435 perimam,
927 2368 1026 2419 tumen

315 2443 440 2501 nimium
463 2452 502 2502 est
524 2440 617 2503 dolori
635 2459 773 2502 motmerus
794 2451 933 2520 onpustus
954 2460 1028 2503 mro.

316 2526 347 2584 in
369 2537 461 2586 matre
482 2530 509 2586 si
528 2526 604 2605 quod
620 2529 727 2605 pipnus
748 2529 905 2586 etiamnum
927 2525 1006 2599 totu,

314 2609 462 2672 scrutabor
483 2629 547 2672 ense
569 2614 676 2671 oismro
698 2622 724 2671 et
745 2611 826 2689 furo
848 2609 1011 2673 ootrulom.

113 2709 228 2790 qualem
251 2710 351 2772 Medea
373 2721 495 2773 matrem
519 2708 610 2772 dicit?
632 2730 669 2772 an
693 2709 923 2791 semetipsam?
951 2711 1076 2792 propria
1100 2710 1174 2790 igion

112 2798 223 2856 viscera
251 2813 321 2856 ense
349 2815 380 2857 se
415 2805 608 2858 scrutaturum
639 2797 808 2875 profitetur3
838 2796 918 2876 qnod
946 2816 1020 2859 sane
1045 2795 1175 2859 tantillum

113 2880 214 2941 saltem
237 2878 333 2941 Iasoni
355 2881 459 2942 inisset
480 2882 590 2943 solacii.
620 2888 710 2941 restat
727 2881 818 2960 igitur
836 2891 871 2941 nt
886 2880 1045 2957 Creusam
1069 2892 1098 2943 at
1111 2880 1175 2941 illum

112 2966 255 3045 virginem
278 2966 435 3045 appellavit
456 2985 481 3026 v.
497 2968 594 3031 1007:
618 2970 725 3027 inuno
739 2966 865 3046 superbo,
887 2970 1037 3063 vt‘rpinum
1053 2966 1176 3028 itanum

108 3065 189 3133 poto3
212 3060 241 3112 et
263 3063 414 3130 praeterea
429 3059 519 3111 totam
535 3060 691 3113 crematam
708 3070 772 3112 esse
792 3069 895 3112 omnes
909 3052 1020 3114 sciunt.
1050 3050 1177 3112 nimirum

113 3159 151 3199 rie
174 3136 247 3198 nihil
269 3137 398 3211 adderet,
422 3145 576 3232 postquam
601 3137 727 3197 tinorum
752 3154 908 3197 numerum
925 3137 1015 3198 nimis
1030 3132 1180 3214 augustuni

112 3223 168 3282 sibi
192 3241 256 3283 esse
272 3222 352 3297 dixit,
376 3221 502 3283 inseruit
516 3221 622 3301 aliquis
637 3238 739 3282 versus
759 3224 814 3284 101
800 3223 848 3283 12
867 3223 905 3284 13
921 3221 1009 3283 fictos
1024 3220 1178 3285 seeundum

519 3394 547 3451 si
568 3392 636 3470 quid
656 3410 671 3452 o
692 3401 788 3451 nostro
810 3388 932 3451 Hormole

318 3479 443 3555 rortoepit
463 3473 530 3546 lolo,
552 3475 684 3536 mamilus
706 3475 824 3537 trellum
845 3479 926 3536 mois.

113 3573 225 3634 accedit
246 3585 343 3638 autem
366 3577 445 3657 quod
468 3596 494 3637 v.
513 3579 593 3641 1013
616 3595 680 3638 eroso
702 3585 731 3637 et
749 3577 830 3655 forro
847 3576 921 3638 male
936 3588 967 3640 et
981 3571 1179 3656 ταυτολόγως

114 3676 178 3717 sese
202 3660 366 3738 excipiunt.
340 3671 366 3722 t·
391 3662 470 3741 quod
486 3662 659 3723 Muellerum
683 3662 772 3722 movit
794 3670 827 3722 ut
849 3662 999 3724 coniceret
1021 3663 1115 3741 sotum
1129 3672 1180 3720 'uo-

114 3741 226 3802 trolmm
247 3744 402 3818 (Fleckeis.
426 3766 494 3808 ann.
519 3749 611 3826 top
634 3749 720 3822 424).

200 3827 251 3903 Ag.
226 3830 328 3889 0547
347 3828 417 3889 Aiax
432 3830 547 3894 Pallada
564 3831 720 3911 compellat
743 3840 772 3892 ot
793 3831 864 3891 deos
885 3830 1008 3894 minime
1031 3851 1063 3893 se
1084 3832 1180 3895 timore

113 3910 159 3972 his
181 3910 277 3972 verbis
299 3914 461 3993 praeditat:
