<?xml version="1.0" encoding="UTF-8"?>
<!DOCTYPE html PUBLIC "-//W3C//DTD XHTML 1.0 Transitional//EN"
    "http://www.w3.org/TR/xhtml1/DTD/xhtml1-transitional.dtd">
<html xmlns="http://www.w3.org/1999/xhtml" xml:lang="en" lang="en">
 <head>
  <title>
</title>
<meta http-equiv="Content-Type" content="text/html;charset=utf-8" />
  <meta name='ocr-system' content='tesseract 3.04.00' />
  <meta name='ocr-capabilities' content='ocr_page ocr_carea ocr_par ocr_line ocrx_word'/>
</head>
<body>
  <div class='ocr_page' id='page_1' title='image "./tragoediae00leogoog_0062.png"; bbox 0 0 2580 4366; ppageno 0'>
   <div class='ocr_carea' id='block_1_1' title="bbox 466 195 1174 257">
    <p class='ocr_par' dir='ltr' id='par_1_1' title="bbox 466 195 1174 257">
     <span class='ocr_line' id='line_1_1' title="bbox 466 195 1174 257; baseline 0.011 -10"><span class='ocrx_word' id='word_1_1' title='bbox 466 205 505 247; x_wconf 85' lang='lat' dir='ltr'><strong>nn</strong></span> <span class='ocrx_word' id='word_1_2' title='bbox 526 206 656 248; x_wconf 79' lang='lat' dir='ltr'><strong>anaema</strong></span> <span class='ocrx_word' id='word_1_3' title='bbox 678 206 801 249; x_wconf 77' lang='lat' dir='ltr'><strong>cereno.</strong></span> <span class='ocrx_word' id='word_1_4' title='bbox 1132 195 1174 257; x_wconf 87' lang='grc'><strong>49</strong></span> 
     </span>
    </p>
   </div>
   <div class='ocr_carea' id='block_1_2' title="bbox 105 350 1184 4082">
    <p class='ocr_par' dir='ltr' id='par_1_2' title="bbox 105 350 1184 4082">
     <span class='ocr_line' id='line_1_2' title="bbox 126 350 1174 437; baseline 0.01 -25"><span class='ocrx_word' id='word_1_5' title='bbox 126 350 183 417; x_wconf 88' lang='lat' dir='ltr'><strong>hane</strong></span> <span class='ocrx_word' id='word_1_6' title='bbox 194 356 318 418; x_wconf 90' lang='lat' dir='ltr'><strong>lahulam.</strong></span> <span class='ocrx_word' id='word_1_7' title='bbox 330 375 398 418; x_wconf 89' lang='lat' dir='ltr'><strong>cnm</strong></span> <span class='ocrx_word' id='word_1_8' title='bbox 415 355 538 434; x_wconf 88' lang='lat' dir='ltr'><strong>reliquis</strong></span> <span class='ocrx_word' id='word_1_9' title='bbox 553 357 732 418; x_wconf 87' lang='lat' dir='ltr'><strong>consentire.</strong></span> <span class='ocrx_word' id='word_1_10' title='bbox 755 358 835 437; x_wconf 89' lang='lat' dir='ltr'><strong>quod</strong></span> <span class='ocrx_word' id='word_1_11' title='bbox 850 359 978 421; x_wconf 85' lang='lat' dir='ltr'><strong>docuere</strong></span> <span class='ocrx_word' id='word_1_12' title='bbox 993 360 1174 423; x_wconf 82' lang='lat' dir='ltr'><strong>Schmidtiue</strong></span> 
     </span>
     <span class='ocr_line' id='line_1_3' title="bbox 122 437 523 504; baseline -0.002 -3"><span class='ocrx_word' id='word_1_13' title='bbox 122 437 260 503; x_wconf 70' lang='lat' dir='ltr'><strong>Muellerus</strong></span> <span class='ocrx_word' id='word_1_14' title='bbox 281 442 441 504; x_wconf 86' lang='lat' dir='ltr'><strong>Richterns</strong></span> <span class='ocrx_word' id='word_1_15' title='bbox 465 441 523 502; x_wconf 93' lang='lat' dir='ltr'><strong>alii.</strong></span> 
     </span>
     <span class='ocr_line' id='line_1_4' title="bbox 180 525 1174 607; baseline 0.004 -19"><span class='ocrx_word' id='word_1_16' title='bbox 180 528 248 588; x_wconf 88' lang='lat' dir='ltr'><strong>viam</strong></span> <span class='ocrx_word' id='word_1_17' title='bbox 259 527 452 589; x_wconf 79' lang='lat' dir='ltr'><strong>munitiorem</strong></span> <span class='ocrx_word' id='word_1_18' title='bbox 463 527 563 587; x_wconf 89' lang='lat' dir='ltr'><strong>lersan</strong></span> <span class='ocrx_word' id='word_1_19' title='bbox 574 525 744 588; x_wconf 85' lang='lat' dir='ltr'><strong>indicaverit</strong></span> <span class='ocrx_word' id='word_1_20' title='bbox 755 526 913 590; x_wconf 89' lang='lat' dir='ltr'><strong>Richterus</strong></span> <span class='ocrx_word' id='word_1_21' title='bbox 923 547 992 590; x_wconf 90' lang='lat' dir='ltr'><strong>cum</strong></span> <span class='ocrx_word' id='word_1_22' title='bbox 1004 529 1052 607; x_wconf 91' lang='lat' dir='ltr'><strong>(de</strong></span> <span class='ocrx_word' id='word_1_23' title='bbox 1061 529 1174 595; x_wconf 87' lang='lat' dir='ltr'><strong>Seneca</strong></span> 
     </span>
     <span class='ocr_line' id='line_1_5' title="bbox 114 610 1174 694; baseline 0.008 -25"><span class='ocrx_word' id='word_1_24' title='bbox 114 617 195 691; x_wconf 86' lang='lat' dir='ltr'><strong>tragg.</strong></span> <span class='ocrx_word' id='word_1_25' title='bbox 215 620 290 673; x_wconf 91' lang='lat' dir='ltr'><strong>auct.</strong></span> <span class='ocrx_word' id='word_1_26' title='bbox 314 631 343 692; x_wconf 93' lang='lat' dir='ltr'><strong>p.</strong></span> <span class='ocrx_word' id='word_1_27' title='bbox 361 614 415 689; x_wconf 83' lang='lat'><strong>30)</strong></span> <span class='ocrx_word' id='word_1_28' title='bbox 438 611 591 672; x_wconf 85' lang='lat' dir='ltr'><strong>contendit</strong></span> <span class='ocrx_word' id='word_1_29' title='bbox 613 612 748 673; x_wconf 91' lang='lat' dir='ltr'><strong>Herculis</strong></span> <span class='ocrx_word' id='word_1_30' title='bbox 765 611 865 674; x_wconf 81' lang='lat' dir='ltr'><strong>Oetaei</strong></span> <span class='ocrx_word' id='word_1_31' title='bbox 886 625 1003 694; x_wconf 89' lang='lat' dir='ltr'><strong>poetam</strong></span> <span class='ocrx_word' id='word_1_32' title='bbox 1018 610 1123 677; x_wconf 83' lang='lat' dir='ltr'><strong>‘multa</strong></span> <span class='ocrx_word' id='word_1_33' title='bbox 1138 635 1174 693; x_wconf 72' lang='lat' dir='ltr'><strong>er</strong></span> 
     </span>
     <span class='ocr_line' id='line_1_6' title="bbox 110 694 1174 775; baseline 0.007 -20"><span class='ocrx_word' id='word_1_34' title='bbox 110 694 287 771; x_wconf 74' lang='lat' dir='ltr'><strong>aliislahulh,</strong></span> <span class='ocrx_word' id='word_1_35' title='bbox 299 697 437 775; x_wconf 89' lang='lat' dir='ltr'><strong>inprimis</strong></span> <span class='ocrx_word' id='word_1_36' title='bbox 450 715 485 756; x_wconf 84' lang='lat' dir='ltr'><strong>ex</strong></span> <span class='ocrx_word' id='word_1_37' title='bbox 497 695 624 757; x_wconf 89' lang='lat' dir='ltr'><strong>Hercule</strong></span> <span class='ocrx_word' id='word_1_38' title='bbox 635 696 744 775; x_wconf 91' lang='lat' dir='ltr'><strong>priore,</strong></span> <span class='ocrx_word' id='word_1_39' title='bbox 760 697 791 758; x_wconf 92' lang='lat' dir='ltr'><strong>in</strong></span> <span class='ocrx_word' id='word_1_40' title='bbox 808 717 895 760; x_wconf 88' lang='lat' dir='ltr'><strong>usum</strong></span> <span class='ocrx_word' id='word_1_41' title='bbox 908 718 995 761; x_wconf 87' lang='lat' dir='ltr'><strong>suum</strong></span> <span class='ocrx_word' id='word_1_42' title='bbox 1011 701 1174 762; x_wconf 84' lang='lat' dir='ltr'><strong>convertis·</strong></span> 
     </span>
     <span class='ocr_line' id='line_1_7' title="bbox 109 775 1172 864; baseline 0.007 -24"><span class='ocrx_word' id='word_1_43' title='bbox 109 775 157 841; x_wconf 85' lang='lat' dir='ltr'><strong>se&#39;.</strong></span> <span class='ocrx_word' id='word_1_44' title='bbox 169 782 262 844; x_wconf 90' lang='lat' dir='ltr'><strong>attulit</strong></span> <span class='ocrx_word' id='word_1_45' title='bbox 274 801 330 842; x_wconf 90' lang='lat' dir='ltr'><strong>nee</strong></span> <span class='ocrx_word' id='word_1_46' title='bbox 342 783 433 843; x_wconf 92' lang='lat' dir='ltr'><strong>multa</strong></span> <span class='ocrx_word' id='word_1_47' title='bbox 445 800 501 842; x_wconf 91' lang='lat' dir='ltr'><strong>nec</strong></span> <span class='ocrx_word' id='word_1_48' title='bbox 512 781 609 858; x_wconf 90' lang='lat' dir='ltr'><strong>gravia</strong></span> <span class='ocrx_word' id='word_1_49' title='bbox 621 799 677 842; x_wconf 92' lang='lat' dir='ltr'><strong>nec</strong></span> <span class='ocrx_word' id='word_1_50' title='bbox 688 783 797 860; x_wconf 86' lang='lat' dir='ltr'><strong>quihus</strong></span> <span class='ocrx_word' id='word_1_51' title='bbox 808 782 938 845; x_wconf 81' lang='lat' dir='ltr'><strong>imitator</strong></span> <span class='ocrx_word' id='word_1_52' title='bbox 950 793 1172 864; x_wconf 83' lang='lat' dir='ltr'><strong>coargueretur.</strong></span> 
     </span>
     <span class='ocr_line' id='line_1_8' title="bbox 105 866 1173 948; baseline 0.007 -22"><span class='ocrx_word' id='word_1_53' title='bbox 105 883 142 926; x_wconf 81' lang='lat' dir='ltr'><strong>ac</strong></span> <span class='ocrx_word' id='word_1_54' title='bbox 159 867 217 928; x_wconf 86' lang='lat' dir='ltr'><strong>iure</strong></span> <span class='ocrx_word' id='word_1_55' title='bbox 237 866 351 945; x_wconf 93' lang='lat' dir='ltr'><strong>optimo</strong></span> <span class='ocrx_word' id='word_1_56' title='bbox 373 867 509 928; x_wconf 89' lang='lat' dir='ltr'><strong>obiecere</strong></span> <span class='ocrx_word' id='word_1_57' title='bbox 532 866 585 927; x_wconf 86' lang='lat' dir='ltr'><strong>riri</strong></span> <span class='ocrx_word' id='word_1_58' title='bbox 606 867 684 927; x_wconf 88' lang='lat' dir='ltr'><strong>docti</strong></span> <span class='ocrx_word' id='word_1_59' title='bbox 699 867 795 928; x_wconf 89' lang='lat' dir='ltr'><strong>solere</strong></span> <span class='ocrx_word' id='word_1_60' title='bbox 810 875 839 928; x_wconf 91' lang='lat' dir='ltr'><strong>ct</strong></span> <span class='ocrx_word' id='word_1_61' title='bbox 860 870 890 931; x_wconf 90' lang='lat' dir='ltr'><strong>in</strong></span> <span class='ocrx_word' id='word_1_62' title='bbox 913 869 1037 948; x_wconf 85' lang='lat' dir='ltr'><strong>reliquis</strong></span> <span class='ocrx_word' id='word_1_63' title='bbox 1055 870 1173 947; x_wconf 83' lang='lat' dir='ltr'><strong>fabulis,</strong></span> 
     </span>
     <span class='ocr_line' id='line_1_9' title="bbox 106 950 1173 1035; baseline 0.006 -23"><span class='ocrx_word' id='word_1_64' title='bbox 106 952 268 1029; x_wconf 81' lang='lat' dir='ltr'><strong>praesertim</strong></span> <span class='ocrx_word' id='word_1_65' title='bbox 286 952 337 1013; x_wconf 93' lang='lat' dir='ltr'><strong>ubi</strong></span> <span class='ocrx_word' id='word_1_66' title='bbox 348 953 384 1014; x_wconf 91' lang='lat' dir='ltr'><strong>de</strong></span> <span class='ocrx_word' id='word_1_67' title='bbox 399 951 488 1013; x_wconf 91' lang='lat' dir='ltr'><strong>rebus</strong></span> <span class='ocrx_word' id='word_1_68' title='bbox 503 950 649 1012; x_wconf 88' lang='lat' dir='ltr'><strong>similibus</strong></span> <span class='ocrx_word' id='word_1_69' title='bbox 663 959 777 1029; x_wconf 85' lang='lat' dir='ltr'><strong>agatur,</strong></span> <span class='ocrx_word' id='word_1_70' title='bbox 789 962 882 1015; x_wconf 89' lang='lat' dir='ltr'><strong>semet</strong></span> <span class='ocrx_word' id='word_1_71' title='bbox 895 955 995 1035; x_wconf 92' lang='lat' dir='ltr'><strong>ipsum</strong></span> <span class='ocrx_word' id='word_1_72' title='bbox 1005 955 1173 1018; x_wconf 83' lang='lat' dir='ltr'><strong>exscribere</strong></span> 
     </span>
     <span class='ocr_line' id='line_1_10' title="bbox 107 1035 1172 1117; baseline 0.006 -21"><span class='ocrx_word' id='word_1_73' title='bbox 107 1035 249 1098; x_wconf 76' lang='lat' dir='ltr'><strong>Senecam.</strong></span> <span class='ocrx_word' id='word_1_74' title='bbox 280 1045 310 1098; x_wconf 85' lang='lat' dir='ltr'><strong>at</strong></span> <span class='ocrx_word' id='word_1_75' title='bbox 331 1048 370 1099; x_wconf 88' lang='lat' dir='ltr'><strong>ne</strong></span> <span class='ocrx_word' id='word_1_76' title='bbox 388 1036 424 1098; x_wconf 93' lang='lat' dir='ltr'><strong>ah</strong></span> <span class='ocrx_word' id='word_1_77' title='bbox 441 1037 499 1098; x_wconf 89' lang='lat' dir='ltr'><strong>ulla</strong></span> <span class='ocrx_word' id='word_1_78' title='bbox 515 1044 599 1114; x_wconf 87' lang='lat' dir='ltr'><strong>parte</strong></span> <span class='ocrx_word' id='word_1_79' title='bbox 614 1037 816 1099; x_wconf 85' lang='lat' dir='ltr'><strong>deterreamur</strong></span> <span class='ocrx_word' id='word_1_80' title='bbox 830 1057 887 1117; x_wconf 88' lang='lat' dir='ltr'><strong>qua</strong></span> <span class='ocrx_word' id='word_1_81' title='bbox 903 1039 1086 1117; x_wconf 83' lang='lat' dir='ltr'><strong>adgredienti</strong></span> <span class='ocrx_word' id='word_1_82' title='bbox 1100 1041 1172 1103; x_wconf 93' lang='lat' dir='ltr'><strong>honi</strong></span> 
     </span>
     <span class='ocr_line' id='line_1_11' title="bbox 107 1121 1172 1201; baseline 0.007 -21"><span class='ocrx_word' id='word_1_83' title='bbox 107 1130 219 1183; x_wconf 81' lang='lat' dir='ltr'><strong>eventus</strong></span> <span class='ocrx_word' id='word_1_84' title='bbox 232 1141 303 1201; x_wconf 90' lang='lat' dir='ltr'><strong>spes</strong></span> <span class='ocrx_word' id='word_1_85' title='bbox 323 1121 548 1200; x_wconf 87' lang='lat' dir='ltr'><strong>qualiscumque</strong></span> <span class='ocrx_word' id='word_1_86' title='bbox 571 1122 666 1196; x_wconf 90' lang='lat' dir='ltr'><strong>detur,</strong></span> <span class='ocrx_word' id='word_1_87' title='bbox 688 1122 847 1183; x_wconf 86' lang='lat' dir='ltr'><strong>videndum</strong></span> <span class='ocrx_word' id='word_1_88' title='bbox 869 1136 914 1185; x_wconf 91' lang='lat' dir='ltr'><strong>est</strong></span> <span class='ocrx_word' id='word_1_89' title='bbox 936 1142 974 1185; x_wconf 87' lang='lat' dir='ltr'><strong>an</strong></span> <span class='ocrx_word' id='word_1_90' title='bbox 996 1125 1172 1188; x_wconf 84' lang='lat' dir='ltr'><strong>certioribus</strong></span> 
     </span>
     <span class='ocr_line' id='line_1_12' title="bbox 107 1203 1171 1290; baseline 0.007 -24"><span class='ocrx_word' id='word_1_91' title='bbox 107 1203 214 1269; x_wconf 85' lang='lat' dir='ltr'><strong>indiciis</strong></span> <span class='ocrx_word' id='word_1_92' title='bbox 234 1207 389 1269; x_wconf 90' lang='lat' dir='ltr'><strong>imitatoris</strong></span> <span class='ocrx_word' id='word_1_93' title='bbox 412 1225 542 1286; x_wconf 89' lang='lat' dir='ltr'><strong>operam,</strong></span> <span class='ocrx_word' id='word_1_94' title='bbox 564 1208 589 1267; x_wconf 92' lang='lat' dir='ltr'><strong>si</strong></span> <span class='ocrx_word' id='word_1_95' title='bbox 612 1224 669 1284; x_wconf 88' lang='lat' dir='ltr'><strong>qua</strong></span> <span class='ocrx_word' id='word_1_96' title='bbox 692 1216 744 1278; x_wconf 90' lang='lat' dir='ltr'><strong>est,</strong></span> <span class='ocrx_word' id='word_1_97' title='bbox 769 1209 991 1286; x_wconf 89' lang='lat' dir='ltr'><strong>deprehendere</strong></span> <span class='ocrx_word' id='word_1_98' title='bbox 1013 1211 1171 1290; x_wconf 85' lang='lat' dir='ltr'><strong>possimne.</strong></span> 
     </span>
     <span class='ocr_line' id='line_1_13' title="bbox 184 1291 1172 1372; baseline 0.005 -19"><span class='ocrx_word' id='word_1_99' title='bbox 184 1309 252 1370; x_wconf 87' lang='lat' dir='ltr'><strong>ergo</strong></span> <span class='ocrx_word' id='word_1_100' title='bbox 276 1311 336 1372; x_wconf 89' lang='lat' dir='ltr'><strong>que</strong></span> <span class='ocrx_word' id='word_1_101' title='bbox 358 1292 458 1352; x_wconf 91' lang='lat' dir='ltr'><strong>minus</strong></span> <span class='ocrx_word' id='word_1_102' title='bbox 479 1292 587 1353; x_wconf 79' lang='lat' dir='ltr'><strong>affabre</strong></span> <span class='ocrx_word' id='word_1_103' title='bbox 610 1291 768 1370; x_wconf 80' lang='lat' dir='ltr'><strong>exemplari</strong></span> <span class='ocrx_word' id='word_1_104' title='bbox 790 1311 845 1354; x_wconf 86' lang='lat' dir='ltr'><strong>suo</strong></span> <span class='ocrx_word' id='word_1_105' title='bbox 869 1312 941 1355; x_wconf 90' lang='lat' dir='ltr'><strong>usus</strong></span> <span class='ocrx_word' id='word_1_106' title='bbox 963 1295 1019 1356; x_wconf 92' lang='lat' dir='ltr'><strong>erit</strong></span> <span class='ocrx_word' id='word_1_107' title='bbox 1043 1315 1078 1357; x_wconf 92' lang='lat' dir='ltr'><strong>eo</strong></span> <span class='ocrx_word' id='word_1_108' title='bbox 1100 1296 1172 1358; x_wconf 86' lang='lat' dir='ltr'><strong>laci·</strong></span> 
     </span>
     <span class='ocr_line' id='line_1_14' title="bbox 107 1372 1172 1459; baseline 0.008 -25"><span class='ocrx_word' id='word_1_109' title='bbox 107 1372 158 1436; x_wconf 89' lang='lat' dir='ltr'><strong>lius</strong></span> <span class='ocrx_word' id='word_1_110' title='bbox 176 1377 330 1438; x_wconf 84' lang='lat' dir='ltr'><strong>imitatoris</strong></span> <span class='ocrx_word' id='word_1_111' title='bbox 343 1395 463 1438; x_wconf 90' lang='lat' dir='ltr'><strong>manum</strong></span> <span class='ocrx_word' id='word_1_112' title='bbox 480 1394 657 1454; x_wconf 89' lang='lat' dir='ltr'><strong>cognoscas:</strong></span> <span class='ocrx_word' id='word_1_113' title='bbox 681 1395 798 1456; x_wconf 90' lang='lat' dir='ltr'><strong>semper</strong></span> <span class='ocrx_word' id='word_1_114' title='bbox 813 1378 954 1439; x_wconf 91' lang='lat' dir='ltr'><strong>nimirum</strong></span> <span class='ocrx_word' id='word_1_115' title='bbox 975 1379 1040 1441; x_wconf 89' lang='lat' dir='ltr'><strong>eius</strong></span> <span class='ocrx_word' id='word_1_116' title='bbox 1054 1381 1172 1459; x_wconf 84' lang='lat' dir='ltr'><strong>generis</strong></span> 
     </span>
     <span class='ocr_line' id='line_1_15' title="bbox 111 1457 1171 1541; baseline 0.006 -21"><span class='ocrx_word' id='word_1_117' title='bbox 111 1457 172 1522; x_wconf 80' lang='lat' dir='ltr'><strong>loeis</strong></span> <span class='ocrx_word' id='word_1_118' title='bbox 198 1462 362 1524; x_wconf 87' lang='lat' dir='ltr'><strong>duriusculi</strong></span> <span class='ocrx_word' id='word_1_119' title='bbox 390 1462 527 1541; x_wconf 88' lang='lat' dir='ltr'><strong>quiddam</strong></span> <span class='ocrx_word' id='word_1_120' title='bbox 556 1462 600 1522; x_wconf 91' lang='lat' dir='ltr'><strong>vel</strong></span> <span class='ocrx_word' id='word_1_121' title='bbox 631 1460 751 1522; x_wconf 91' lang='lat' dir='ltr'><strong>obscuri</strong></span> <span class='ocrx_word' id='word_1_122' title='bbox 780 1470 809 1523; x_wconf 91' lang='lat' dir='ltr'><strong>et</strong></span> <span class='ocrx_word' id='word_1_123' title='bbox 838 1464 967 1525; x_wconf 88' lang='lat' dir='ltr'><strong>contorti</strong></span> <span class='ocrx_word' id='word_1_124' title='bbox 996 1465 1171 1528; x_wconf 89' lang='lat' dir='ltr'><strong>inhaerebit.</strong></span> 
     </span>
     <span class='ocr_line' id='line_1_16' title="bbox 112 1545 1171 1629; baseline 0.003 -22"><span class='ocrx_word' id='word_1_125' title='bbox 112 1545 230 1622; x_wconf 75' lang='lat' dir='ltr'><strong>qtthhus</strong></span> <span class='ocrx_word' id='word_1_126' title='bbox 251 1548 277 1609; x_wconf 92' lang='lat' dir='ltr'><strong>si</strong></span> <span class='ocrx_word' id='word_1_127' title='bbox 300 1566 333 1608; x_wconf 92' lang='lat' dir='ltr'><strong>ea</strong></span> <span class='ocrx_word' id='word_1_128' title='bbox 355 1548 442 1609; x_wconf 85' lang='lat' dir='ltr'><strong>verba</strong></span> <span class='ocrx_word' id='word_1_129' title='bbox 463 1546 603 1608; x_wconf 87' lang='lat' dir='ltr'><strong>adhibere</strong></span> <span class='ocrx_word' id='word_1_130' title='bbox 625 1546 759 1625; x_wconf 87' lang='lat' dir='ltr'><strong>potueris</strong></span> <span class='ocrx_word' id='word_1_131' title='bbox 781 1567 797 1608; x_wconf 93' lang='lat' dir='ltr'><strong>e</strong></span> <span class='ocrx_word' id='word_1_132' title='bbox 820 1548 929 1626; x_wconf 88' lang='lat' dir='ltr'><strong>quihus</strong></span> <span class='ocrx_word' id='word_1_133' title='bbox 950 1551 1082 1629; x_wconf 81' lang='lat' dir='ltr'><strong>expressi</strong></span> <span class='ocrx_word' id='word_1_134' title='bbox 1101 1551 1171 1627; x_wconf 89' lang='lat' dir='ltr'><strong>sint,</strong></span> 
     </span>
     <span class='ocr_line' id='line_1_17' title="bbox 114 1625 1171 1717; baseline 0.01 -32"><span class='ocrx_word' id='word_1_135' title='bbox 114 1625 169 1691; x_wconf 89' lang='lat' dir='ltr'><strong>inde</strong></span> <span class='ocrx_word' id='word_1_136' title='bbox 188 1632 282 1694; x_wconf 88' lang='lat' dir='ltr'><strong>lucem</strong></span> <span class='ocrx_word' id='word_1_137' title='bbox 306 1632 484 1712; x_wconf 89' lang='lat' dir='ltr'><strong>accipientes</strong></span> <span class='ocrx_word' id='word_1_138' title='bbox 506 1632 679 1692; x_wconf 81' lang='lat' dir='ltr'><strong>fatebuntur</strong></span> <span class='ocrx_word' id='word_1_139' title='bbox 701 1630 856 1709; x_wconf 83' lang='lat' dir='ltr'><strong>originem.</strong></span> <span class='ocrx_word' id='word_1_140' title='bbox 900 1634 930 1694; x_wconf 95' lang='lat' dir='ltr'><strong>id</strong></span> <span class='ocrx_word' id='word_1_141' title='bbox 952 1635 1101 1717; x_wconf 87' lang='lat' dir='ltr'><strong>quemodo</strong></span> <span class='ocrx_word' id='word_1_142' title='bbox 1123 1636 1171 1696; x_wconf 89' lang='lat' dir='ltr'><strong>in·</strong></span> 
     </span>
     <span class='ocr_line' id='line_1_18' title="bbox 115 1713 1172 1800; baseline 0.006 -26"><span class='ocrx_word' id='word_1_143' title='bbox 115 1713 243 1780; x_wconf 87' lang='lat' dir='ltr'><strong>tdlectum</strong></span> <span class='ocrx_word' id='word_1_144' title='bbox 267 1717 354 1778; x_wconf 88' lang='lat' dir='ltr'><strong>velim</strong></span> <span class='ocrx_word' id='word_1_145' title='bbox 376 1715 528 1778; x_wconf 90' lang='lat' dir='ltr'><strong>inlustrari</strong></span> <span class='ocrx_word' id='word_1_146' title='bbox 551 1735 612 1778; x_wconf 92' lang='lat' dir='ltr'><strong>nen</strong></span> <span class='ocrx_word' id='word_1_147' title='bbox 635 1716 734 1794; x_wconf 88' lang='lat' dir='ltr'><strong>aptius</strong></span> <span class='ocrx_word' id='word_1_148' title='bbox 749 1717 858 1795; x_wconf 89' lang='lat' dir='ltr'><strong>peterit</strong></span> <span class='ocrx_word' id='word_1_149' title='bbox 874 1736 960 1796; x_wconf 88' lang='lat' dir='ltr'><strong>quam</strong></span> <span class='ocrx_word' id='word_1_150' title='bbox 978 1719 1120 1800; x_wconf 83' lang='lat' dir='ltr'><strong>exemplis</strong></span> <span class='ocrx_word' id='word_1_151' title='bbox 1136 1739 1172 1782; x_wconf 85' lang='lat' dir='ltr'><strong>ex</strong></span> 
     </span>
     <span class='ocr_line' id='line_1_19' title="bbox 116 1793 703 1882; baseline 0.007 -26"><span class='ocrx_word' id='word_1_152' title='bbox 116 1793 224 1865; x_wconf 87' lang='lat' dir='ltr'><strong>llereule</strong></span> <span class='ocrx_word' id='word_1_153' title='bbox 247 1802 358 1864; x_wconf 85' lang='lat' dir='ltr'><strong>Oetaeo</strong></span> <span class='ocrx_word' id='word_1_154' title='bbox 380 1801 515 1882; x_wconf 91' lang='lat' dir='ltr'><strong>sumptis.</strong></span> <span class='ocrx_word' id='word_1_155' title='bbox 556 1820 580 1860; x_wconf 84' lang='lat' dir='ltr'><strong>v.</strong></span> <span class='ocrx_word' id='word_1_156' title='bbox 606 1803 703 1864; x_wconf 83' lang='lat'>1048:</span> 
     </span>
     <span class='ocr_line' id='line_1_20' title="bbox 266 1885 673 1966; baseline -0.005 -18"><span class='ocrx_word' id='word_1_157' title='bbox 266 1905 273 1919; x_wconf 93' lang='lat'><strong>·</strong></span> <span class='ocrx_word' id='word_1_158' title='bbox 298 1887 417 1966; x_wconf 82' lang='lat' dir='ltr'><strong>obrepit</strong></span> <span class='ocrx_word' id='word_1_159' title='bbox 437 1885 565 1966; x_wconf 78' lang='lat' dir='ltr'><strong>scopabo</strong></span> <span class='ocrx_word' id='word_1_160' title='bbox 586 1885 673 1948; x_wconf 81' lang='lat' dir='ltr'><strong>Athos</strong></span> 
     </span>
     <span class='ocr_line' id='line_1_21' title="bbox 302 1971 703 2050; baseline -0.007 -16"><span class='ocrx_word' id='word_1_161' title='bbox 302 1974 462 2034; x_wconf 78' lang='lat' dir='ltr'><strong>Centauros</strong></span> <span class='ocrx_word' id='word_1_162' title='bbox 484 1971 575 2032; x_wconf 80' lang='lat' dir='ltr'><strong>obiter</strong></span> <span class='ocrx_word' id='word_1_163' title='bbox 595 1973 703 2050; x_wconf 83' lang='lat' dir='ltr'><strong>fereae.</strong></span> 
     </span>
     <span class='ocr_line' id='line_1_22' title="bbox 119 2053 1170 2134; baseline 0.004 -20"><span class='ocrx_word' id='word_1_164' title='bbox 119 2056 221 2118; x_wconf 76' lang='lat' dir='ltr'><strong>acerra</strong></span> <span class='ocrx_word' id='word_1_165' title='bbox 241 2057 336 2119; x_wconf 81' lang='lat' dir='ltr'><strong>athos</strong></span> <span class='ocrx_word' id='word_1_166' title='bbox 365 2067 399 2119; x_wconf 94' lang='lat' dir='ltr'><strong>ut</strong></span> <span class='ocrx_word' id='word_1_167' title='bbox 426 2057 504 2118; x_wconf 88' lang='lat' dir='ltr'><strong>inter</strong></span> <span class='ocrx_word' id='word_1_168' title='bbox 529 2055 679 2117; x_wconf 89' lang='lat' dir='ltr'><strong>auditores</strong></span> <span class='ocrx_word' id='word_1_169' title='bbox 703 2053 814 2134; x_wconf 87' lang='lat' dir='ltr'><strong>Orphei</strong></span> <span class='ocrx_word' id='word_1_170' title='bbox 838 2054 981 2116; x_wconf 89' lang='lat' dir='ltr'><strong>considat.</strong></span> <span class='ocrx_word' id='word_1_171' title='bbox 1026 2057 1170 2118; x_wconf 85' lang='lat' dir='ltr'><strong>editiones</strong></span> 
     </span>
     <span class='ocr_line' id='line_1_23' title="bbox 120 2132 1168 2221; baseline 0.005 -22"><span class='ocrx_word' id='word_1_172' title='bbox 120 2132 157 2199; x_wconf 84' lang='lat' dir='ltr'><strong>liu</strong></span> <span class='ocrx_word' id='word_1_173' title='bbox 172 2142 322 2221; x_wconf 87' lang='lat' dir='ltr'><strong>occupavit</strong></span> <span class='ocrx_word' id='word_1_174' title='bbox 335 2142 416 2220; x_wconf 87' lang='lat' dir='ltr'><strong>quod</strong></span> <span class='ocrx_word' id='word_1_175' title='bbox 434 2141 573 2203; x_wconf 65' lang='lat' dir='ltr'><strong>evantius</strong></span> <span class='ocrx_word' id='word_1_176' title='bbox 588 2140 755 2202; x_wconf 85' lang='lat' dir='ltr'><strong>coniecerat</strong></span> <span class='ocrx_word' id='word_1_177' title='bbox 771 2137 923 2202; x_wconf 80' lang='lat' dir='ltr'><strong>Centauris</strong></span> <span class='ocrx_word' id='word_1_178' title='bbox 938 2141 1049 2204; x_wconf 82' lang='lat' dir='ltr'><strong>clitum</strong></span> <span class='ocrx_word' id='word_1_179' title='bbox 1063 2144 1168 2221; x_wconf 79' lang='lat' dir='ltr'><strong>fereae.</strong></span> 
     </span>
     <span class='ocr_line' id='line_1_24' title="bbox 121 2216 768 2304; baseline 0.009 -21"><span class='ocrx_word' id='word_1_180' title='bbox 121 2216 155 2283; x_wconf 82' lang='lat' dir='ltr'><strong>ille</strong></span> <span class='ocrx_word' id='word_1_181' title='bbox 171 2226 193 2287; x_wconf 94' lang='lat' dir='ltr'><strong>si</strong></span> <span class='ocrx_word' id='word_1_182' title='bbox 211 2227 396 2289; x_wconf 88' lang='lat' dir='ltr'><strong>meminisset</strong></span> <span class='ocrx_word' id='word_1_183' title='bbox 421 2227 479 2287; x_wconf 90' lang='lat' dir='ltr'><strong>loci</strong></span> <span class='ocrx_word' id='word_1_184' title='bbox 501 2226 552 2304; x_wconf 90' lang='lat' dir='ltr'><strong>qui</strong></span> <span class='ocrx_word' id='word_1_185' title='bbox 575 2233 620 2286; x_wconf 89' lang='lat' dir='ltr'><strong>est</strong></span> <span class='ocrx_word' id='word_1_186' title='bbox 641 2224 690 2285; x_wconf 81' lang='lat' dir='ltr'><strong>tlt.</strong></span> <span class='ocrx_word' id='word_1_187' title='bbox 707 2226 768 2289; x_wconf 83' lang='lat'><strong>968</strong></span> 
     </span>
     <span class='ocr_line' id='line_1_25' title="bbox 501 2309 879 2387; baseline -0.003 -16"><span class='ocrx_word' id='word_1_188' title='bbox 501 2329 575 2372; x_wconf 78' lang='lat' dir='ltr'><strong>aena</strong></span> <span class='ocrx_word' id='word_1_189' title='bbox 596 2330 661 2372; x_wconf 83' lang='lat' dir='ltr'><strong>cana</strong></span> <span class='ocrx_word' id='word_1_190' title='bbox 682 2309 762 2372; x_wconf 81' lang='lat' dir='ltr'><strong>silvis</strong></span> <span class='ocrx_word' id='word_1_191' title='bbox 782 2310 879 2387; x_wconf 83' lang='lat' dir='ltr'><strong>farem</strong></span> 
     </span>
     <span class='ocr_line' id='line_1_26' title="bbox 133 2393 964 2480; baseline -0.001 -24"><span class='ocrx_word' id='word_1_192' title='bbox 133 2469 137 2480; x_wconf 29' lang='grc' dir='ltr'>ι</span> <span class='ocrx_word' id='word_1_193' title='bbox 297 2399 466 2476; x_wconf 75' lang='lat' dir='ltr'><strong>rapiamque</strong></span> <span class='ocrx_word' id='word_1_194' title='bbox 488 2397 590 2457; x_wconf 75' lang='lat' dir='ltr'><strong>dentre</strong></span> <span class='ocrx_word' id='word_1_195' title='bbox 608 2395 696 2475; x_wconf 81' lang='lat' dir='ltr'><strong>plena</strong></span> <span class='ocrx_word' id='word_1_196' title='bbox 719 2393 871 2456; x_wconf 75' lang='lat' dir='ltr'><strong>Centauris</strong></span> <span class='ocrx_word' id='word_1_197' title='bbox 895 2398 964 2473; x_wconf 78' lang='lat' dir='ltr'><strong>iupa</strong></span> 
     </span>
     <span class='ocr_line' id='line_1_27' title="bbox 120 2472 1168 2559; baseline 0 -18"><span class='ocrx_word' id='word_1_198' title='bbox 120 2472 213 2541; x_wconf 74' lang='lat' dir='ltr'><strong>lttllsset</strong></span> <span class='ocrx_word' id='word_1_199' title='bbox 234 2499 294 2559; x_wconf 90' lang='lat' dir='ltr'><strong>quo</strong></span> <span class='ocrx_word' id='word_1_200' title='bbox 317 2480 382 2542; x_wconf 94' lang='lat' dir='ltr'><strong>leco</strong></span> <span class='ocrx_word' id='word_1_201' title='bbox 406 2481 463 2542; x_wconf 93' lang='lat' dir='ltr'><strong>orti</strong></span> <span class='ocrx_word' id='word_1_202' title='bbox 485 2487 586 2541; x_wconf 87' lang='lat' dir='ltr'><strong>essent</strong></span> <span class='ocrx_word' id='word_1_203' title='bbox 609 2479 747 2541; x_wconf 85' lang='lat' dir='ltr'><strong>Centauri</strong></span> <span class='ocrx_word' id='word_1_204' title='bbox 770 2497 837 2539; x_wconf 92' lang='lat' dir='ltr'><strong>cum</strong></span> <span class='ocrx_word' id='word_1_205' title='bbox 862 2479 988 2558; x_wconf 91' lang='lat' dir='ltr'><strong>rupibus</strong></span> <span class='ocrx_word' id='word_1_206' title='bbox 1013 2480 1049 2541; x_wconf 89' lang='lat' dir='ltr'><strong>ad</strong></span> <span class='ocrx_word' id='word_1_207' title='bbox 1074 2490 1168 2542; x_wconf 86' lang='lat' dir='ltr'><strong>vatam</strong></span> 
     </span>
     <span class='ocr_line' id='line_1_28' title="bbox 120 2560 763 2628; baseline 0.002 -6"><span class='ocrx_word' id='word_1_208' title='bbox 120 2560 313 2628; x_wconf 76' lang='lat' dir='ltr'><strong>tribulantibus</strong></span> <span class='ocrx_word' id='word_1_209' title='bbox 336 2565 488 2626; x_wconf 89' lang='lat' dir='ltr'><strong>commode</strong></span> <span class='ocrx_word' id='word_1_210' title='bbox 510 2565 614 2625; x_wconf 89' lang='lat' dir='ltr'><strong>cedem</strong></span> <span class='ocrx_word' id='word_1_211' title='bbox 636 2565 763 2626; x_wconf 87' lang='lat' dir='ltr'><strong>deducti.</strong></span> 
     </span>
     <span class='ocr_line' id='line_1_29' title="bbox 194 2649 830 2729; baseline -0.006 -16"><span class='ocrx_word' id='word_1_212' title='bbox 194 2652 273 2714; x_wconf 84' lang='grc'><strong>1293</strong></span> <span class='ocrx_word' id='word_1_213' title='bbox 501 2655 577 2712; x_wconf 78' lang='lat' dir='ltr'><strong>inter</strong></span> <span class='ocrx_word' id='word_1_214' title='bbox 599 2652 729 2729; x_wconf 83' lang='lat' dir='ltr'><strong>e&#39;afernoe</strong></span> <span class='ocrx_word' id='word_1_215' title='bbox 752 2649 830 2710; x_wconf 74' lang='lat' dir='ltr'><strong>hece</strong></span> 
     </span>
     <span class='ocr_line' id='line_1_30' title="bbox 295 2736 890 2815; baseline -0.008 -19"><span class='ocrx_word' id='word_1_216' title='bbox 295 2752 440 2815; x_wconf 82' lang='lat' dir='ltr'><strong>poeeasears</strong></span> <span class='ocrx_word' id='word_1_217' title='bbox 461 2745 526 2796; x_wconf 85' lang='lat' dir='ltr'><strong>atre</strong></span> <span class='ocrx_word' id='word_1_218' title='bbox 548 2745 628 2796; x_wconf 82' lang='lat' dir='ltr'><strong>necte</strong></span> <span class='ocrx_word' id='word_1_219' title='bbox 649 2752 713 2795; x_wconf 82' lang='lat' dir='ltr'><strong>eura</strong></span> <span class='ocrx_word' id='word_1_220' title='bbox 733 2736 796 2813; x_wconf 83' lang='lat' dir='ltr'><strong>feto</strong></span> <span class='ocrx_word' id='word_1_221' title='bbox 819 2736 890 2794; x_wconf 79' lang='lat' dir='ltr'><strong>stati.</strong></span> 
     </span>
     <span class='ocr_line' id='line_1_31' title="bbox 118 2804 1169 2891; baseline 0.003 -14"><span class='ocrx_word' id='word_1_222' title='bbox 118 2804 281 2880; x_wconf 74' lang='lat' dir='ltr'><strong>lllleinsius</strong></span> <span class='ocrx_word' id='word_1_223' title='bbox 297 2819 428 2881; x_wconf 90' lang='lat' dir='ltr'><strong>scrihere</strong></span> <span class='ocrx_word' id='word_1_224' title='bbox 442 2819 535 2880; x_wconf 88' lang='lat' dir='ltr'><strong>voluit</strong></span> <span class='ocrx_word' id='word_1_225' title='bbox 545 2819 679 2891; x_wconf 74' lang='lat' dir='ltr'><strong>eleemos,</strong></span> <span class='ocrx_word' id='word_1_226' title='bbox 692 2827 772 2879; x_wconf 89' lang='lat' dir='ltr'><strong>recte</strong></span> <span class='ocrx_word' id='word_1_227' title='bbox 785 2817 903 2881; x_wconf 91' lang='lat' dir='ltr'><strong>iudicio.</strong></span> <span class='ocrx_word' id='word_1_228' title='bbox 920 2835 987 2877; x_wconf 93' lang='lat' dir='ltr'><strong>nam</strong></span> <span class='ocrx_word' id='word_1_229' title='bbox 1001 2817 1037 2878; x_wconf 89' lang='lat' dir='ltr'><strong>de</strong></span> <span class='ocrx_word' id='word_1_230' title='bbox 1047 2818 1169 2880; x_wconf 89' lang='lat' dir='ltr'><strong>homine</strong></span> 
     </span>
     <span class='ocr_line' id='line_1_32' title="bbox 117 2899 1169 2984; baseline 0.005 -23"><span class='ocrx_word' id='word_1_231' title='bbox 117 2899 173 2962; x_wconf 80' lang='lat' dir='ltr'><strong>nde</strong></span> <span class='ocrx_word' id='word_1_232' title='bbox 192 2904 249 2965; x_wconf 88' lang='lat' dir='ltr'><strong>dici</strong></span> <span class='ocrx_word' id='word_1_233' title='bbox 269 2904 365 2967; x_wconf 90' lang='lat' dir='ltr'><strong>sensit</strong></span> <span class='ocrx_word' id='word_1_234' title='bbox 387 2904 465 2983; x_wconf 89' lang='lat' dir='ltr'><strong>quod</strong></span> <span class='ocrx_word' id='word_1_235' title='bbox 489 2911 556 2982; x_wconf 88' lang='lat' dir='ltr'><strong>apte</strong></span> <span class='ocrx_word' id='word_1_236' title='bbox 577 2904 614 2965; x_wconf 92' lang='lat' dir='ltr'><strong>de</strong></span> <span class='ocrx_word' id='word_1_237' title='bbox 635 2905 725 2966; x_wconf 90' lang='lat' dir='ltr'><strong>rebus</strong></span> <span class='ocrx_word' id='word_1_238' title='bbox 747 2902 855 2965; x_wconf 93' lang='lat' dir='ltr'><strong>dicitur</strong></span> <span class='ocrx_word' id='word_1_239' title='bbox 877 2901 924 2962; x_wconf 86' lang='lat' dir='ltr'><strong>lll.</strong></span> <span class='ocrx_word' id='word_1_240' title='bbox 953 2903 1015 2966; x_wconf 85' lang='grc'><strong>282</strong></span> <span class='ocrx_word' id='word_1_241' title='bbox 1037 2914 1063 2965; x_wconf 84' lang='lat' dir='ltr'><strong>et</strong></span> <span class='ocrx_word' id='word_1_242' title='bbox 1085 2905 1169 2984; x_wconf 79' lang='lat' dir='ltr'><strong>puid-</strong></span> 
     </span>
     <span class='ocr_line' id='line_1_33' title="bbox 117 2986 1169 3069; baseline -0.008 -12"><span class='ocrx_word' id='word_1_243' title='bbox 117 2988 168 3057; x_wconf 75' lang='lat' dir='ltr'><strong>l‘ll</strong></span> <span class='ocrx_word' id='word_1_244' title='bbox 184 3000 247 3051; x_wconf 86' lang='lat' dir='ltr'><strong>etro</strong></span> <span class='ocrx_word' id='word_1_245' title='bbox 268 3001 350 3052; x_wconf 83' lang='lat' dir='ltr'><strong>nocte</strong></span> <span class='ocrx_word' id='word_1_246' title='bbox 368 3008 526 3069; x_wconf 79' lang='lat' dir='ltr'><strong>possessum</strong></span> <span class='ocrx_word' id='word_1_247' title='bbox 548 2989 625 3051; x_wconf 85' lang='lat' dir='ltr'><strong>latet.</strong></span> <span class='ocrx_word' id='word_1_248' title='bbox 659 2990 744 3051; x_wconf 90' lang='lat' dir='ltr'><strong>aliter</strong></span> <span class='ocrx_word' id='word_1_249' title='bbox 765 3007 791 3048; x_wconf 87' lang='lat' dir='ltr'><strong>a.</strong></span> <span class='ocrx_word' id='word_1_250' title='bbox 809 3006 836 3066; x_wconf 88' lang='lat' dir='ltr'><strong>g.</strong></span> <span class='ocrx_word' id='word_1_251' title='bbox 852 2987 904 3048; x_wconf 88' lang='lat' dir='ltr'><strong>Sil.</strong></span> <span class='ocrx_word' id='word_1_252' title='bbox 920 2986 971 3063; x_wconf 86' lang='lat'>111,</span> <span class='ocrx_word' id='word_1_253' title='bbox 994 2989 1056 3052; x_wconf 87' lang='grc'><strong>423</strong></span> <span class='ocrx_word' id='word_1_254' title='bbox 1080 2987 1169 3062; x_wconf 81' lang='lat' dir='ltr'><strong>(ller-</strong></span> 
     </span>
     <span class='ocr_line' id='line_1_34' title="bbox 117 3068 1020 3154; baseline 0.002 -21"><span class='ocrx_word' id='word_1_255' title='bbox 117 3068 182 3149; x_wconf 72' lang='lat' dir='ltr'><strong>lllea)</strong></span> <span class='ocrx_word' id='word_1_256' title='bbox 197 3093 344 3154; x_wconf 75' lang='lat' dir='ltr'><strong>possessus</strong></span> <span class='ocrx_word' id='word_1_257' title='bbox 364 3073 480 3135; x_wconf 82' lang='lat' dir='ltr'><strong>Baccho.</strong></span> <span class='ocrx_word' id='word_1_258' title='bbox 1017 3121 1020 3125; x_wconf 79' lang='grc'>.</span> 
     </span>
     <span class='ocr_line' id='line_1_35' title="bbox 193 3158 921 3238; baseline -0.007 -17"><span class='ocrx_word' id='word_1_259' title='bbox 193 3161 274 3223; x_wconf 84' lang='grc'>1347</span> <span class='ocrx_word' id='word_1_260' title='bbox 298 3177 416 3238; x_wconf 80' lang='lat' dir='ltr'><strong>epactae</strong></span> <span class='ocrx_word' id='word_1_261' title='bbox 436 3168 547 3231; x_wconf 62' lang='lat' dir='ltr'><strong>amam</strong></span> <span class='ocrx_word' id='word_1_262' title='bbox 569 3176 623 3220; x_wconf 84' lang='lat' dir='ltr'><strong>era</strong></span> <span class='ocrx_word' id='word_1_263' title='bbox 644 3159 712 3238; x_wconf 76' lang='lat' dir='ltr'><strong>perid</strong></span> <span class='ocrx_word' id='word_1_264' title='bbox 733 3158 824 3236; x_wconf 73' lang='lat' dir='ltr'><strong>flectis</strong></span> <span class='ocrx_word' id='word_1_265' title='bbox 844 3167 921 3217; x_wconf 85' lang='lat' dir='ltr'><strong>retro</strong></span> 
     </span>
     <span class='ocr_line' id='line_1_36' title="bbox 298 3241 614 3325; baseline -0.003 -21"><span class='ocrx_word' id='word_1_266' title='bbox 298 3245 465 3325; x_wconf 69' lang='lat' dir='ltr'><strong>valeamque</strong></span> <span class='ocrx_word' id='word_1_267' title='bbox 488 3241 614 3322; x_wconf 71' lang='lat' dir='ltr'><strong>mergis?</strong></span> 
     </span>
     <span class='ocr_line' id='line_1_37' title="bbox 117 3321 1169 3405; baseline 0.004 -22"><span class='ocrx_word' id='word_1_268' title='bbox 117 3321 215 3388; x_wconf 75' lang='lat' dir='ltr'><strong>mavit</strong></span> <span class='ocrx_word' id='word_1_269' title='bbox 240 3327 341 3390; x_wconf 88' lang='lat' dir='ltr'><strong>locum</strong></span> <span class='ocrx_word' id='word_1_270' title='bbox 362 3328 398 3388; x_wconf 87' lang='lat' dir='ltr'><strong>N.</strong></span> <span class='ocrx_word' id='word_1_271' title='bbox 422 3328 562 3389; x_wconf 86' lang='lat' dir='ltr'><strong>Heinsius</strong></span> <span class='ocrx_word' id='word_1_272' title='bbox 590 3326 746 3389; x_wconf 87' lang='lat' dir='ltr'><strong>scribendo</strong></span> <span class='ocrx_word' id='word_1_273' title='bbox 774 3331 868 3405; x_wconf 62' lang='lat' dir='ltr'><strong>carpo</strong></span> <span class='ocrx_word' id='word_1_274' title='bbox 889 3323 1068 3405; x_wconf 78' lang='lat' dir='ltr'><strong>(cultamque</strong></span> <span class='ocrx_word' id='word_1_275' title='bbox 1089 3343 1169 3387; x_wconf 81' lang='lat' dir='ltr'><strong>mce-</strong></span> 
     </span>
     <span class='ocr_line' id='line_1_38' title="bbox 118 3409 1169 3492; baseline 0.004 -23"><span class='ocrx_word' id='word_1_276' title='bbox 118 3417 168 3469; x_wconf 75' lang='lat' dir='ltr'><strong>tote</strong></span> <span class='ocrx_word' id='word_1_277' title='bbox 178 3411 219 3489; x_wconf 84' lang='lat' dir='ltr'><strong>l).</strong></span> <span class='ocrx_word' id='word_1_278' title='bbox 248 3422 279 3474; x_wconf 89' lang='lat' dir='ltr'><strong>at</strong></span> <span class='ocrx_word' id='word_1_279' title='bbox 299 3414 380 3492; x_wconf 86' lang='lat' dir='ltr'><strong>quod</strong></span> <span class='ocrx_word' id='word_1_280' title='bbox 401 3432 473 3474; x_wconf 87' lang='lat' dir='ltr'><strong>sane</strong></span> <span class='ocrx_word' id='word_1_281' title='bbox 488 3433 548 3474; x_wconf 90' lang='lat' dir='ltr'><strong>non</strong></span> <span class='ocrx_word' id='word_1_282' title='bbox 563 3425 631 3492; x_wconf 90' lang='lat' dir='ltr'><strong>apte</strong></span> <span class='ocrx_word' id='word_1_283' title='bbox 646 3412 756 3473; x_wconf 89' lang='lat' dir='ltr'><strong>dietum</strong></span> <span class='ocrx_word' id='word_1_284' title='bbox 771 3423 817 3474; x_wconf 83' lang='lat' dir='ltr'><strong>est</strong></span> <span class='ocrx_word' id='word_1_285' title='bbox 830 3414 936 3488; x_wconf 70' lang='lat' dir='ltr'><strong>mergis</strong></span> <span class='ocrx_word' id='word_1_286' title='bbox 950 3411 1043 3485; x_wconf 86' lang='lat' dir='ltr'><strong>(reete</strong></span> <span class='ocrx_word' id='word_1_287' title='bbox 1058 3409 1169 3474; x_wconf 88' lang='lat' dir='ltr'><strong>Statius</strong></span> 
     </span>
     <span class='ocr_line' id='line_1_39' title="bbox 121 3484 1167 3575; baseline 0.005 -24"><span class='ocrx_word' id='word_1_288' title='bbox 121 3484 174 3553; x_wconf 82' lang='lat' dir='ltr'><strong>lixit</strong></span> <span class='ocrx_word' id='word_1_289' title='bbox 191 3497 251 3557; x_wconf 88' lang='lat' dir='ltr'><strong>silv.</strong></span> <span class='ocrx_word' id='word_1_290' title='bbox 275 3497 318 3574; x_wconf 86' lang='lat' dir='ltr'><strong>tl,</strong></span> <span class='ocrx_word' id='word_1_291' title='bbox 343 3501 377 3571; x_wconf 84' lang='grc'><strong>1,</strong></span> <span class='ocrx_word' id='word_1_292' title='bbox 400 3499 463 3560; x_wconf 83' lang='grc'><strong>2119</strong></span> <span class='ocrx_word' id='word_1_293' title='bbox 490 3510 515 3559; x_wconf 88' lang='lat' dir='ltr'><strong>et</strong></span> <span class='ocrx_word' id='word_1_294' title='bbox 537 3497 613 3560; x_wconf 81' lang='lat' dir='ltr'><strong>tellis</strong></span> <span class='ocrx_word' id='word_1_295' title='bbox 633 3515 759 3558; x_wconf 68' lang='lat' dir='ltr'><strong>mnsam</strong></span> <span class='ocrx_word' id='word_1_296' title='bbox 781 3497 859 3558; x_wconf 81' lang='lat' dir='ltr'><strong>lecte</strong></span> <span class='ocrx_word' id='word_1_297' title='bbox 881 3499 977 3575; x_wconf 82' lang='lat' dir='ltr'><strong>caput)</strong></span> <span class='ocrx_word' id='word_1_298' title='bbox 1000 3494 1090 3575; x_wconf 89' lang='lat' dir='ltr'><strong>elegit</strong></span> <span class='ocrx_word' id='word_1_299' title='bbox 1111 3496 1167 3558; x_wconf 91' lang='lat' dir='ltr'><strong>sihi</strong></span> 
     </span>
     <span class='ocr_line' id='line_1_40' title="bbox 121 3581 1168 3662; baseline 0.002 -22"><span class='ocrx_word' id='word_1_300' title='bbox 121 3582 146 3634; x_wconf 87' lang='lat' dir='ltr'><strong>ut</strong></span> <span class='ocrx_word' id='word_1_301' title='bbox 160 3582 273 3644; x_wconf 77' lang='lat' dir='ltr'><strong>variaret</strong></span> <span class='ocrx_word' id='word_1_302' title='bbox 295 3583 510 3662; x_wconf 85' lang='lat' dir='ltr'><strong>quodammodo</strong></span> <span class='ocrx_word' id='word_1_303' title='bbox 533 3583 613 3661; x_wconf 90' lang='lat' dir='ltr'><strong>quod</strong></span> <span class='ocrx_word' id='word_1_304' title='bbox 635 3582 745 3661; x_wconf 85' lang='lat' dir='ltr'><strong>legitur</strong></span> <span class='ocrx_word' id='word_1_305' title='bbox 766 3581 814 3641; x_wconf 84' lang='lat' dir='ltr'><strong>Hl.</strong></span> <span class='ocrx_word' id='word_1_306' title='bbox 834 3581 913 3644; x_wconf 80' lang='lat'>1173</span> <span class='ocrx_word' id='word_1_307' title='bbox 937 3599 1079 3645; x_wconf 81' lang='lat' dir='ltr'><strong>curatore</strong></span> <span class='ocrx_word' id='word_1_308' title='bbox 1098 3581 1168 3643; x_wconf 83' lang='lat' dir='ltr'><strong>Tbe-</strong></span> 
     </span>
     <span class='ocr_line' id='line_1_41' title="bbox 123 3663 1184 3749; baseline -0.004 -20"><span class='ocrx_word' id='word_1_309' title='bbox 123 3671 169 3721; x_wconf 77' lang='lat' dir='ltr'><strong>aaa</strong></span> <span class='ocrx_word' id='word_1_310' title='bbox 185 3667 258 3746; x_wconf 71' lang='lat' dir='ltr'><strong>sugit</strong></span> <span class='ocrx_word' id='word_1_311' title='bbox 275 3680 412 3749; x_wconf 74' lang='lat' dir='ltr'><strong>paterque</strong></span> <span class='ocrx_word' id='word_1_312' title='bbox 434 3667 552 3730; x_wconf 78' lang='lat' dir='ltr'><strong>vultos?</strong></span> <span class='ocrx_word' id='word_1_313' title='bbox 582 3687 635 3730; x_wconf 87' lang='lat' dir='ltr'><strong>ora</strong></span> <span class='ocrx_word' id='word_1_314' title='bbox 657 3686 709 3728; x_wconf 80' lang='lat' dir='ltr'><strong>erar</strong></span> <span class='ocrx_word' id='word_1_315' title='bbox 729 3667 855 3728; x_wconf 82' lang='lat' dir='ltr'><strong>condunt</strong></span> <span class='ocrx_word' id='word_1_316' title='bbox 875 3664 963 3728; x_wconf 71' lang='lat' dir='ltr'><strong>enee?</strong></span> <span class='ocrx_word' id='word_1_317' title='bbox 1164 3663 1184 3702; x_wconf 73' lang='lat'>⁴</span> 
     </span>
     <span class='ocr_line' id='line_1_42' title="bbox 198 3751 907 3832; baseline 0.003 -21"><span class='ocrx_word' id='word_1_318' title='bbox 198 3753 274 3814; x_wconf 81' lang='lat'><strong>1392</strong></span> <span class='ocrx_word' id='word_1_319' title='bbox 500 3765 600 3832; x_wconf 78' lang='lat' dir='ltr'><strong>surgat</strong></span> <span class='ocrx_word' id='word_1_320' title='bbox 621 3752 686 3814; x_wconf 79' lang='lat' dir='ltr'><strong>blac</strong></span> <span class='ocrx_word' id='word_1_321' title='bbox 708 3751 787 3814; x_wconf 80' lang='lat' dir='ltr'><strong>illine</strong></span> <span class='ocrx_word' id='word_1_322' title='bbox 807 3770 907 3813; x_wconf 77' lang='lat' dir='ltr'><strong>means</strong></span> 
     </span>
     <span class='ocr_line' id='line_1_43' title="bbox 301 3835 949 3918; baseline -0.003 -20"><span class='ocrx_word' id='word_1_323' title='bbox 301 3850 436 3918; x_wconf 77' lang='lat' dir='ltr'><strong>artesque</strong></span> <span class='ocrx_word' id='word_1_324' title='bbox 457 3849 570 3900; x_wconf 83' lang='lat' dir='ltr'><strong>nestros</strong></span> <span class='ocrx_word' id='word_1_325' title='bbox 592 3839 682 3900; x_wconf 84' lang='lat' dir='ltr'><strong>daras</strong></span> <span class='ocrx_word' id='word_1_326' title='bbox 704 3840 831 3899; x_wconf 83' lang='lat' dir='ltr'><strong>a&#39;rtma&#39;ttet</strong></span> <span class='ocrx_word' id='word_1_327' title='bbox 853 3835 949 3898; x_wconf 74' lang='lat' dir='ltr'><strong>Sinis:</strong></span> 
     </span>
     <span class='ocr_line' id='line_1_44' title="bbox 300 3923 532 4002; baseline 0.013 -20"><span class='ocrx_word' id='word_1_328' title='bbox 300 3941 417 4002; x_wconf 75' lang='lat' dir='ltr'><strong>sparsae</strong></span> <span class='ocrx_word' id='word_1_329' title='bbox 436 3923 532 3986; x_wconf 79' lang='lat' dir='ltr'><strong>silebo.</strong></span> 
     </span>
     <span class='ocr_line' id='line_1_45' title="bbox 167 4014 975 4082; baseline 0.009 -17"><span class='ocrx_word' id='word_1_330' title='bbox 167 4014 337 4071; x_wconf 68' lang='lat' dir='ltr'><strong>heremum</strong></span> <span class='ocrx_word' id='word_1_331' title='bbox 350 4029 473 4080; x_wconf 71' lang='lat' dir='ltr'><strong>tragoediis⁴</strong></span> <span class='ocrx_word' id='word_1_332' title='bbox 863 4076 867 4082; x_wconf 55' lang='grc'><strong><em>,</em></strong></span> <span class='ocrx_word' id='word_1_333' title='bbox 957 4020 975 4072; x_wconf 68' lang='lat' dir='ltr'><strong>h</strong></span> 
     </span>
    </p>
   </div>
   <div class='ocr_carea' id='block_1_3' title="bbox 0 0 1314 4366">
    <p class='ocr_par' dir='ltr' id='par_1_3' title="bbox 0 0 1314 4366">
     <span class='ocr_line' id='line_1_46' title="bbox 0 0 1314 4366; baseline 0 0"><span class='ocrx_word' id='word_1_334' title='bbox 0 0 1314 4366; x_wconf 95' lang='lat' dir='ltr'><strong> </strong></span> 
     </span>
    </p>
   </div>
  </div>
 </body>
</html>
