2580 4366
117 208 158 270 30
491 222 530 265 33
551 223 653 267 consor,
674 221 809 266 3333333.

160 373 232 436 0331.
257 375 338 438 1029
359 368 515 470 sensitque]
537 378 683 454 sensitque,
707 391 767 435 uon
793 377 923 434 33333133.
965 379 1046 434 33313
1067 374 1098 434 Σ
1118 377 1194 447 (3333-

117 464 207 522 313333
228 457 253 519 Α
273 462 393 536 seruatae
414 458 590 534 Melisseus).

116 544 417 690 nolgielegrlolalllm
431 537 555 628 33333113]
569 553 670 624 ruptos
685 542 783 614 1333113,
799 559 860 603 333
875 553 980 623 reptem
998 543 1061 605 784
1078 541 1190 613 1333313,

158 728 211 798 ΗΟ
236 731 274 793 31
305 725 443 814 33333333]
471 729 612 802 3333331333,
643 746 705 789 333
730 745 841 798 comem
869 728 980 791 addidit
1005 729 1192 809 corruptelae

115 815 245 895 signum,
267 834 327 895 quo
349 823 395 876 ter
417 814 447 876 in
465 815 521 876 hae
542 812 689 892 tragoedia
704 830 790 873 voees
806 821 960 894 corruptas
979 815 1104 875 notavit:
1130 818 1192 878 540

114 917 178 979 mds
200 920 292 992 (recte
307 914 474 978 Gronovius
496 916 624 991 intimos)
646 922 676 975 et
698 915 760 978 308
777 915 964 992 3313133313).
1001 919 1189 982 3313333331

116 1008 275 1081 corruptus
298 1007 342 1062 est
364 1001 493 1063 neudum
515 1007 644 1061 sanatus.

199 1104 225 1145 v.
241 1086 281 1149 86
303 1086 432 1147 noudum
454 1077 1194 1168 3333333331]“133331(333.3133333)Ε’1331331133331

115 1173 355 1247 31333333.333.(3.
381 1174 460 1232 lm.
483 1172 684 1244 3333133313.

199 1274 225 1315 3.
251 1256 311 1317 185
341 1249 489 1338 Sipylum]
516 1259 544 1315 si
569 1253 704 1333 sppdom,
728 1272 783 1314 333
804 1257 831 1315 33·
851 1253 965 1334 siplmm
986 1272 1044 1315 neo
1065 1254 1192 1336 sipylum

116 1340 194 1420 quod
218 1337 385 1400 Gronovius
407 1357 475 1400 cum
498 1338 562 1418 ipse
585 1336 748 1400 emendarit
769 1338 864 1400 eodici
886 1338 999 1400 tribuit.

199 1442 224 1489 3,
249 1425 309 1485 217
337 1419 450 1507 Tomeos]
473 1435 593 1496 13313333,
617 1442 678 1484 nou
700 1434 824 1485 teretem.

199 1527 225 1567 3.
248 1509 310 1572 382
330 1508 511 1587 famulumne
526 1519 553 1570 et
566 1508 652 1570 tostis
662 1510 809 1589 praeferet
822 1519 923 1570 aetem
936 1503 1027 1592 tritt]
1043 1510 1192 1588 [3333313333

113 1610 162 1654 3333
182 1591 271 1654 dostis
288 1611 319 1671 p
341 1593 469 1670 polutum
490 1604 522 1667 3.,
546 1611 607 1653 333
629 1611 665 1654 333
686 1603 713 1654 31
734 1595 763 1657 t.

197 1696 223 1737 3.
247 1677 309 1740 566
331 1677 410 1752 solu]
432 1677 508 1739 33113.

198 1781 224 1822 3.
248 1762 317 1828 588
331 1757 509 1863 uenerande]
530 1761 705 1833 3333333313
728 1761 805 1823 idem
827 1761 933 1825 accidit
955 1763 1035 1842 quod
1060 1766 1133 1828 185.

197 1847 331 1910 31265
353 1864 415 1908 333
439 1851 548 1909 timeris
570 1846 622 1907 sed
644 1849 748 1907 temeri.

197 1933 330 1994 31562
352 1932 627 2022 3333333333313133
647 1934 827 2010 peme'eeosqoe
849 1930 956 1992 Cretes
986 1930 1077 1993 3131.
1117 1931 1190 1996 3133-

112 2035 211 2096 eospue
233 2035 268 2076 er
282 2016 309 2077 li
322 2004 488 2078 Gronovius
511 2015 635 2094 protulit
657 2023 686 2076 31
707 2014 896 2076 scribendum
918 2015 1046 2077 coniecit
1059 2015 1189 2080 deoseu-

111 2121 172 2181 qoe.
217 2100 269 2161 sed
291 2101 318 2160 E
342 2099 431 2162 habet
452 2102 554 2164 133333
576 2105 667 2173 itatem·
696 2100 765 2161 satis
787 2099 895 2160 mirum
916 2118 985 2162 vero
1009 2102 1090 2180 quod
1112 2102 1189 2164 Aeo-

111 2204 209 2266 eospue
231 2185 262 2245 iu
277 2187 306 2245 Σ
325 2183 443 2262 legitur.
473 2185 508 2246 de
529 2185 584 2247 hae
601 2183 698 2245 lahula
714 2185 804 2246 finem
820 2184 945 2246 laeiam
938 2204 969 2246 ru
985 2185 1051 2248 loeo
1068 2187 1187 2248 sonula-

111 2277 189 2330 mato
206 2287 294 2349 quem
310 2277 388 2330 33313
411 2270 525 2330 3311333
548 2271 720 2330 emendasse
734 2269 806 2331 mihi
820 2269 929 2330 videor.
954 2273 1073 2335 v.1163
1090 2272 1130 2333 113
1146 2271 1187 2333 A:

286 2357 361 2415 coesi
381 2353 497 2416 dolores.
541 2354 674 2417 3333316333
695 2357 767 2416 13313·
786 2352 920 2416 Herculis

287 2439 555 2500 33311333333333113
573 2440 700 2519 perdidit
722 2442 850 2501 comitem
871 2437 980 2501 liedes.

111 2543 147 2586 ex
161 2523 287 2585 Etrusco
303 2530 449 2585 testantur
462 2528 534 2585 33333·
555 2523 635 2586 dolor
649 2542 691 2596 es;
706 2523 791 2584 varia
811 2524 865 2584 3131
881 2523 964 2584 313311·
974 2522 1185 2586 coniecerunt:

110 2613 183 2670 33333·
203 2608 312 2670 dolores
336 2607 455 2668 Grotius
486 2617 514 2670 et
534 2608 569 2669 N.
593 2608 750 2681 Heinsius,
779 2619 851 2670 33313
874 2607 965 2670 3131333·
987 2618 1028 2669 331
1049 2608 1185 2686 83113133,

109 2698 188 2756 eneti
209 2694 318 2756 dolores
333 2692 502 2768 Muellerus,
525 2698 585 2754 3313·
605 2693 713 2755 dolores
734 2690 888 2771 Peiperus.
925 2692 1069 2754 Hercules
1088 2692 1186 2754 dirum

109 2798 141 2840 33
164 2778 200 2839 de
220 2777 357 2840 Deianira
387 2777 566 2857 supplicium
596 2787 785 2857 sumpturum
809 2777 1064 2856 pronuntiaverat;
1087 2796 1184 2857 ¹quem

108 2870 210 2924 monet
231 2862 335 2942 Hyllus
364 2862 436 2922 iram
463 2861 652 2940 comprimat:
684 2880 784 2940 graves
815 2862 894 2922 illam
922 2861 1041 2923 sceleris
1072 2881 1185 2942 poenas

108 2946 223 3009 dedisse
252 2954 356 3026 utpote
377 2947 497 3027 propria
526 2965 615 3007 mauu
643 2957 833 3026 peremptam.
877 2947 934 3007 iarn
963 2946 1108 3008 Hercules
1136 2966 1185 3009 re·

107 3033 255 3113 spondere
278 3031 365 3093 debet
385 3032 415 3093 id
437 3032 517 3110 quod
538 3031 591 3092 3131
608 3032 686 3094 dooti
700 3031 808 3110 partim
822 3039 936 3093 tautum
952 3040 981 3092 et
996 3031 1101 3112 prosul
1117 3033 1185 3094 atti-

108 3136 192 3196 gere:
215 3118 273 3178 hoo
296 3135 357 3177 nou
380 3116 464 3177 satiat
486 3116 558 3178 iram
581 3135 685 3191 meam,
708 3134 783 3195 quae
805 3134 888 3177 meae
908 3116 1003 3195 ipsius
1018 3117 1098 3178 illam
1114 3116 1184 3178 dex-

107 3211 186 3265 terae
209 3200 351 3282 deposcit.
391 3200 501 3280 itaque,
524 3219 591 3262 eum
614 3200 645 3262 in
661 3202 786 3262 Etrusco
810 3220 870 3261 non
893 3205 965 3263 resti
983 3202 1108 3280 legatur,
1132 3202 1185 3264 sed

106 3288 343 3360 sustentares,
367 3285 555 3347 scribendum
579 3286 671 3346 duco:

280 3371 375 3432 relicte
397 3372 478 3433 313133
500 3390 544 3431 es:
571 3371 705 3432 munides
727 3374 799 3431 irati
819 3370 950 3432 1133331113

279 3457 528 3517 333113333333331

106 3537 247 3617 loquendi
270 3557 326 3600 usu
349 3558 447 3619 neque
468 3538 533 3600 aliis
555 3537 650 3616 poetis
673 3556 729 3598 333
751 3538 881 3600 Senecae
903 3539 1020 3617 ignoto,
1044 3538 1081 3603 31.
1104 3537 1183 3600 Med.

106 3624 167 3686 608
197 3641 299 3702 rurrtpe
327 3640 377 3685 333
403 3642 484 3685 sauro
513 3623 633 3686 violente
660 3633 758 3685 3333313
786 3625 902 3702 foedere
927 3625 1037 3686 muudi.
1082 3621 1136 3683 ΗΟ
1160 3625 1179 3687 3

104 3725 199 3769 3333333
219 3725 317 3785 repro.
360 3708 432 3768 Oed.
459 3710 538 3771 1033
562 3713 650 3770 1333313
672 3708 782 3788 tepuere
803 3719 876 3770 33313.
915 3709 951 3769 31.
969 3709 1033 3770 Oct.
1049 3709 1088 3771 31
1113 3726 1180 3769 eon·

105 3795 179 3870 iupis
200 3790 254 3853 13333
275 3810 328 3862 me,
347 3803 439 3870 poter,
462 3795 574 3855 insidiis
589 3811 717 3872 oppresse
736 3797 819 3855 iaces.
849 3793 927 3871 quod
944 3793 1076 3854 dolorem
1091 3809 1179 3853 suum

104 3874 247 3940 Hercules
269 3876 440 3956 adloquitur
461 3877 571 3954 optime
593 3878 664 3939 huic
686 3876 752 3938 stilo
775 3878 921 3940 convenit.
966 3878 1003 3940 31.
1024 3878 1099 3939 Μ331.
1119 3876 1181 3940 139

104 3961 205 4025 33311333
227 3961 367 4024 3333311333
390 3959 469 4023 dolor
490 3962 602 4040 [3331333
628 3962 749 4042 loquere.
