2580 4366
514 225 690 271 tuffluuott

64 376 200 438 decidere
222 386 250 438 et
271 387 366 439 atrum
388 377 478 439 rebus
500 378 600 439 induci
625 379 723 440 chaos.

63 471 150 522 vento
174 463 284 523 resistit
305 470 403 525 aestus
426 474 455 524 et
477 474 583 526 ventus
604 473 685 525 retro

63 555 175 608 aestum
198 547 334 622 revolvit;
358 567 418 609 non
443 549 521 627 capit
543 567 609 609 sese
631 567 711 610 mare

64 633 217 711 undasque
240 633 365 694 miscent
386 633 481 694 imber
502 642 532 694 et
553 634 669 694 lluctus.
683 652 760 696 suas.

30 784 34 793 ¹
64 735 119 777 nec
141 718 199 778 hoc
220 717 350 778 levamen
375 716 503 798 denique
526 719 676 780 aerumnis
698 719 793 795 datur,

62 802 159 862 videre
182 802 282 863 saltem
307 813 336 862 et
358 822 445 864 nosse
469 821 528 884 quo
550 812 674 884 pereant
695 804 788 864 malo:

62 896 203 966 premunt
224 888 363 949 tenebrae
386 888 496 949 lumina
520 899 549 949 et
571 889 650 950 dirae
673 889 771 969 Stygis

61 971 177 1033 inferna
199 991 258 1033 nor
280 981 333 1033 est.
378 973 517 1034 excidunt
538 974 623 1052 ignes
645 982 742 1035 tamen

62 1063 92 1117 et
113 1056 193 1117 nube
216 1058 311 1118 dirum
335 1059 447 1119 tulmen
471 1058 541 1119 elisa
563 1059 661 1133 micat,

26 1176 37 1189 c
62 1141 237 1220 miserisque
259 1142 333 1204 lucis
355 1151 434 1205 tanta
457 1143 582 1204 dulcedo
606 1152 652 1205 est
673 1143 780 1204 malae:

60 1227 118 1287 boc
140 1226 240 1288 lumen
264 1237 376 1307 optant.
420 1228 483 1307 ipsa
506 1247 538 1290 se
560 1229 662 1290 classis
685 1228 794 1309 premit

61 1319 91 1372 et
112 1329 200 1390 prora
223 1331 329 1391 prorae
353 1315 456 1375 nocuit
479 1322 507 1375 et
529 1314 611 1376 lateri
638 1313 724 1375 latus.

59 1397 138 1457 illam
161 1397 317 1459 dehiscens
341 1407 451 1476 pontus
474 1399 504 1459 in
526 1418 669 1479 praeceps
691 1399 768 1478 rapit

59 1481 216 1560 hauritque
240 1491 269 1542 et
290 1483 348 1542 alto
371 1484 512 1545 redditam
535 1484 659 1544 revomit
680 1483 769 1558 mari;

61 1567 133 1626 haec
156 1586 245 1628 unere
268 1567 347 1641 sidit,
370 1567 418 1627 illa
441 1569 615 1629 convulsum
638 1568 714 1628 latus

60 1651 206 1712 submittit
228 1652 325 1727 undis,
347 1652 455 1714 ductus
478 1653 554 1714 hanc
577 1653 708 1714 decimus
729 1653 819 1730 tegit;

59 1737 132 1798 haec
154 1738 248 1797 lacera
272 1745 300 1797 et
323 1738 405 1797 omni
428 1739 533 1798 decore
556 1737 696 1818 populato
719 1738 790 1797 levis

59 1822 153 1882 lluitat
176 1821 295 1882 necilli
318 1821 379 1883 vela
403 1841 457 1883 nec
480 1831 583 1885 tonsae
606 1830 727 1883 manent

61 1925 116 1968 nec
138 1915 238 1967 rectos
260 1908 332 1967 altas
354 1907 447 1967 malus
470 1919 623 1969 antemnas
644 1908 753 1986 ferens,

60 1992 109 2052 sed
133 2000 238 2052 trunca
260 1999 322 2052 toto
345 1992 455 2070 puppis
478 1993 571 2054 lcario
595 2002 681 2054 ructat.
747 2029 750 2039 ·

61 2076 102 2137 nil
124 2077 197 2138 ratio
221 2086 250 2137 et
272 2095 345 2137 usus
367 2078 469 2138 audet:
492 2096 541 2139 ars
563 2078 652 2139 cessit
674 2076 775 2152 malis3

59 2170 140 2222 tenet
162 2161 269 2221 horror
290 2169 381 2237 artus,
404 2163 503 2223 omnis
526 2163 623 2224 oldcio
647 2172 747 2242 stupet

59 2247 154 2307 navita
175 2247 289 2322 relicto,
312 2266 411 2308 remus
434 2247 536 2325 effugit
558 2266 673 2310 manus.

58 2332 89 2392 in
113 2340 177 2391 vota
200 2332 324 2392 miseros
346 2332 468 2393 ultimus
490 2333 569 2413 cogit
590 2333 680 2394 timor

58 2417 220 2495 eademque
242 2435 367 2496 superos
389 2417 482 2479 Troes
504 2428 533 2479 et
555 2419 645 2480 Danai
669 2429 783 2496 rogant.

58 2501 129 2580 quid
153 2502 209 2562 lata
232 2502 373 2581 possuntl
407 2503 517 2564 invidet
539 2502 671 2583 Pyrrhus
693 2504 779 2583 patri,
813 2519 816 2526 ’

58 2587 138 2647 Aiaci
164 2586 269 2661 Vlixes,
293 2586 411 2648 Hectori
434 2588 550 2649 Atrides
572 2587 679 2661 minor,

57 2675 239 2750 Agamemno
263 2671 395 2748 Priamoj
418 2672 553 2752 quisquis
576 2674 612 2734 ad
633 2672 751 2733 Troiam
774 2673 849 2742 iacet

57 2757 127 2817 lelix
150 2764 279 2829 vocatur,
303 2757 405 2818 cadere
428 2757 479 2836 qui
502 2757 611 2819 meruit
632 2757 758 2835 gradu‚'

57 2860 147 2920 quem
170 2843 244 2902 lama
267 2849 370 2914 servat,
393 2841 466 2903 victa
490 2860 578 2920 quem
600 2843 688 2903 tellus
709 2842 791 2920 tegit.

57 2927 111 2987 ‘nil
134 2926 232 2987 nobile
254 2944 343 2987 ausos
365 2934 479 3005 pontus
497 2937 586 3005 atque
609 2927 705 2988 undae
726 2928 849 2994 lerunt?

57 3014 159 3091 ignava
183 3013 273 3071 sortes
295 3012 351 3072 lata
375 3021 553 3072 consument
575 3009 674 3073 viros?

55 3096 207 3178 perdenda
229 3114 309 3156 murs
332 3093 396 3156 est?
427 3095 563 3176 quisquis
585 3115 617 3158 es
640 3096 771 3158 nondum
795 3097 878 3159 malis

57 3181 160 3242 satiate
182 3181 270 3242 tantis
293 3181 438 3255 caelitum,
463 3182 580 3243 tandem
603 3191 689 3244 tuum

57 3284 169 3328 numen
192 3284 313 3326 serena:
338 3265 469 3328 cladibus
492 3267 602 3328 nostris
624 3266 706 3328 daret

55 3351 102 3412 rel
125 3351 212 3411 Troia
235 3349 378 3411 lacrimas.
423 3350 488 3412 odia
511 3352 536 3411 si
559 3351 667 3412 durant
688 3362 737 3412 tua

56 3436 212 3518 placetque
236 3434 310 3495 mitti
332 3429 473 3496 Doricuni
496 3434 584 3498 exitio
606 3455 711 3515 genus,

143 3621 192 3672 tet
211 3616 333 3671 decedere
350 3618 375 3668 n·
437 3621 485 3672 491
505 3617 592 3670 datum
611 3619 693 3672 estA
744 3621 794 3672 499
813 3618 846 3670 im
864 3634 902 3686 pr.
919 3619 944 3670 tl
997 3621 1046 3672 500
1064 3635 1131 3673 mare

56 3687 135 3740 codd.
158 3689 279 3738 correxit
298 3684 448 3737 Gronovius
473 3689 530 3752 (qui
550 3690 658 3753 rcrt'prr't
683 3687 732 3738 allo
748 3715 769 3725 -
783 3687 855 3750 mari)
949 3689 998 3739 501
1021 3687 1088 3740 sedit
1111 3694 1131 3751 ς

55 3759 106 3810 503
125 3757 203 3808 latera
222 3755 254 3806 ll.
279 3783 313 3791 —-
336 3754 458 3821 populata
478 3758 497 3819 ς
573 3759 624 3809 506
642 3759 737 3807 structa
756 3755 855 3817 (tracta)
873 3760 928 3807 toto
954 3754 1130 3821 1111ρί59-

53 3823 126 3876 lonic
145 3823 222 3874 codd.
240 3827 362 3873 correxit
378 3822 410 3872 de
430 3823 612 3875 Wilomoauitz
687 3825 735 3874 591
754 3822 832 3874 audet
848 3823 875 3875 in
896 3823 997 3891 magnis
1015 3824 1088 3877 malis
1106 3825 1131 3875 A

54 3894 106 3946 512
126 3891 207 3959 pirrus
225 3890 250 3941 Ε
336 3893 386 3943 514
405 3905 546 3957 agamenon
564 3890 614 3943 EA
637 3894 757 3943 contenit
782 3891 932 3943 Gronovius
976 3904 978 3908 ’
1018 3894 1067 3944 515
1087 3893 1130 3959 qul

52 3960 141 4030 potuit
159 3963 186 4024 ς.
204 3988 235 3997 -
254 3972 331 4010 ntanu
349 3959 374 4009 A
444 3962 492 4012 511
512 3959 594 4011 terent
611 3960 636 4010 A
705 3961 754 4012 519
769 3958 886 4028 pudenda
906 3964 926 4024 ς
