2580 4366
136 226 139 231 '
161 215 220 276 104
437 230 475 272 nn
497 230 721 273 lntrfflsronvlt
743 229 960 273 connosrrrcnn.

361 379 419 440 leve
440 384 544 458 carptis
564 384 779 445 miscentem

361 463 467 525 librare
487 483 594 535 mccc,-

156 555 191 608 ut
219 566 281 609 eam
310 555 433 609 nentem
463 549 594 609 nondum
624 549 754 626 attigisse
783 547 919 609 dicantur
949 567 1007 628 qua
1040 548 1161 611 omnino
1203 542 1241 607 eti

157 632 342 694 venationem
364 633 441 693 vires
464 634 621 694 sufficiant.
659 633 738 712 quod
753 633 841 694 modo
857 632 989 711 attigisse
1004 633 1234 714 Carpophorum
1286 628 1288 637 '

156 717 296 780 Martialis
319 717 389 779 dicit
410 726 502 796 spect.
526 720 577 793 23,
603 722 617 780 1

360 801 468 864 Norica
491 807 551 864 iem
573 813 648 864 certe
670 799 812 862 venabulo
834 803 932 880 deripit
953 804 1012 863 ictu

361 888 448 965 sortis
469 888 560 949 editae
582 892 674 949 teceri
694 889 812 948 cleptem
835 884 1017 965 Carpophori

159 978 189 1031 et
209 971 297 1031 modo
320 971 480 1032 excessisse
502 972 598 1032 lnlum
621 970 767 1048 Vergilius
790 973 864 1031 Aen.
886 970 936 1042 lx,
963 972 1025 1034 590

362 1067 423 1118 tem
441 1061 571 1136 primum
592 1055 662 1117 lello
685 1055 801 1117 celerem
822 1056 975 1116 intendisse
994 1055 1130 1134 sapittdm

362 1141 475 1212 dicitnr,
497 1153 562 1202 erere
583 1142 664 1219 [aas
685 1140 785 1201 solitos
806 1151 914 1201 terrere
933 1140 1061 1219 sapaces,

361 1225 499 1286 Ascanius
519 1227 680 1305 sortemque
700 1242 789 1285 meere
810 1225 920 1303 sedisse
942 1223 1123 1286 Numanum.

158 1307 209 1368 sed
237 1325 341 1368 vereor
369 1328 407 1370 ne
436 1310 493 1369 hec
520 1311 558 1370 sit
586 1309 747 1371 sententiae
777 1309 834 1369 vim
870 1309 1000 1379 adlerre;
1033 1327 1101 1370 nam
1135 1306 1236 1370 telum

158 1399 237 1453 certa
265 1411 354 1453 mann
385 1393 493 1454 librare
514 1395 561 1454 vix
587 1394 722 1456 dicantur
744 1393 795 1472 qui
820 1412 858 1454 ne
880 1401 977 1453 tutum
999 1394 1118 1472 quidem
1139 1400 1239 1477 vent·

157 1477 248 1538 tionis
271 1495 365 1554 genus
387 1478 485 1538 adhuc
506 1478 636 1557 adgressi
660 1479 728 1539 sint.
767 1478 909 1538 cecinisse
931 1477 1023 1555 igitur
1042 1479 1079 1541 de
1094 1467 1243 1540 llercuhs

157 1560 258 1622 liberis
286 1562 395 1623 chorus
423 1563 539 1623 videtur
564 1563 649 1641 quale
672 1563 707 1623 de
729 1562 829 1642 Hyade
852 1562 972 1623 Ovidius
994 1563 1142 1642 praedicat
1160 1554 1247 1623 fast·

157 1646 190 1718 V*
217 1648 276 1710 173
361 1681 429 1740 tom
450 1699 526 1742 reove
548 1681 651 1759 praepo
675 1692 723 1751 est,
742 1681 863 1760 pericios
884 1680 1042 1760 formidine
1064 1699 1158 1743 cervos

360 1774 446 1827 terret
468 1776 495 1826 et
516 1777 558 1827 est
578 1765 624 1825 illi
641 1766 751 1844 praede
772 1764 892 1843 leaipren
913 1765 1002 1846 lepos.

361 1860 393 1910 ct
410 1862 562 1930 postquem
583 1854 677 1911 virtus
698 1853 782 1909 coreis
803 1849 933 1921 adokvit,
956 1854 988 1910 ire
1008 1867 1095 1929 apros

361 1936 493 1995 sedetet
514 1934 640 1996 hirsutas
661 1938 819 1996 commines
839 1937 883 1995 ire
904 1934 993 2012 feros.

159 2014 218 2076 sive
241 2016 277 2076 de
299 2017 412 2078 Achille
434 2018 545 2079 Statius
568 2019 639 2079 Ach.
663 2018 698 2090 ΙΙ,
724 2020 786 2081 406

361 2121 518 2183 compeccare
539 2102 588 2164 ilie
610 2103 732 2164 imbelles
756 2103 854 2163 Orecee
871 2121 925 2181 per
946 2107 1014 2162 avia
1035 2101 1129 2181 lynces

362 2191 464 2247 sectari
485 2197 536 2248 act
557 2189 671 2248 timidos
689 2206 792 2267 pessos
812 2205 857 2247 me
878 2188 990 2266 cuspide
1012 2187 1110 2249 domos

362 2282 495 2342 sternere,
515 2273 565 2333 sed
585 2276 678 2334 tristes
700 2271 817 2333 tortere
838 2271 977 2332 osbrictus
997 2289 1083 2332 orsos

361 2355 569 2436 fulmineosque
590 2375 653 2417 sees
674 2368 702 2418 et
723 2356 814 2417 sicuti
834 2359 965 2417 maoeima
987 2359 1071 2435 tipris

362 2451 413 2501 oct
434 2441 546 2502 seducta
568 2445 644 2520 iupis
664 2442 741 2519 setae
762 2439 893 2520 spelenco
916 2439 1068 2517 iraenaei)

159 2520 258 2598 itaque
280 2520 401 2584 verbum
424 2526 578 2604 proprium
602 2526 680 2605 quod
703 2524 758 2585 sibi
780 2523 890 2602 flagitat
904 2543 929 2585 v.
949 2526 1030 2588 1130
1045 2513 1269 2585 intercidisse

159 2604 349 2667 iudicandum
379 2618 423 2669 est
450 2628 518 2670 curn
545 2627 649 2670 versus
677 2627 731 2670 sno
758 2610 824 2669 loco
847 2616 1022 2669 moveretur.
1068 2598 1267 2671 sententi³⁰

159 2690 318 2752 satisfacias
347 2693 389 2753 sio
416 2693 479 2755 tere
508 2694 680 2755 scribendo:
710 2695 892 2774 nondumque
913 2694 994 2771 {ece
1015 2702 1097 2773 terpc
1119 2683 1266 2755 cerff

174 2775 311 2854 fronpere
327 2774 430 2862 ¹cleirac]
453 2779 527 2853 sive,
558 2797 626 2839 narn
652 2778 719 2857 quis
742 2779 778 2839 de
800 2778 922 2838 lacunae
943 2776 1055 2838 ambitu
1077 2762 1261 2857 spondeat

175 2863 234 2921 ietc
255 2861 345 2922 incoli
362 2863 463 2942 tlipere
485 2859 578 2948 tortil.

246 2946 297 3006 sed
318 2954 352 3007 ut
374 2965 476 3009 omnes
497 2948 555 3009 lcci
577 2946 763 3008 difficultates
785 2945 915 3007 sublatae
937 2946 997 3007 sint
1016 2953 1134 3007 tantum
1151 2927 1258 3007 ab&st

159 3038 193 3092 ut
215 3030 250 3091 ab
273 3030 357 3091 initio
379 3040 439 3093 tcta
462 3032 555 3094 oratio
578 3041 628 3094 aut
650 3031 805 3093 durissime
820 3031 961 3109 procedat
975 3040 1025 3091 aut
1039 3030 1154 3093 vitiose.
1193 3020 1255 3084 δῖ’

159 3134 218 3195 que
241 3114 406 3178 Gronovius
435 3117 554 3196 quidem
583 3126 651 3196 post
682 3118 762 3179 1123
793 3124 822 3176 et
850 3118 931 3179 1130
954 3108 1254 3177 subdistinctioneffl

247 3267 268 3332 ⁷)
285 3270 345 3335 apte
367 3266 482 3318 conteras
500 3266 599 3318 Goethii
617 3266 767 3331 Elpenorem
791 3266 855 3316 haec
878 3264 910 3315 de
933 3279 962 3316 se
979 3265 1129 3332 loquentem
1145 3265 1175 3331 (Ι,
1200 3248 1253 3311 2)²

162 3334 183 3384 0
200 3335 253 3385 lars
270 3337 341 3386 misle
358 3351 420 3398 nur,
437 3335 505 3385 noel
525 3336 576 3384 trab
594 3336 638 3384 icit
656 3333 711 3394 cof
723 3333 851 3397 dechgd
868 3333 917 3382 der
933 3333 1027 3384 inette
1037 3332 1102 3396 Iiela,
1117 3323 1256 3399 gmnff'

161 3400 248 3466 Vogel
263 3418 318 3454 nur
336 3403 383 3453 der
400 3402 512 3453 niedem
526 3401 594 3462 Lust
610 3402 709 3466 artegt;
728 3401 796 3453 doctr
808 3416 886 3451 merere
901 3401 945 3450 ich
958 3400 1020 3450 dict
1033 3403 1103 3452 eimt
1115 3390 1256 3454 senff

160 3470 255 3531 (arcum
274 3471 379 3534 avitum)
397 3500 432 3508 -
448 3471 493 3520 rar
516 3469 607 3520 Gitter
623 3472 687 3534 geht
704 3485 731 3518 cr
749 3469 812 3519 bald
818 3473 827 3518 t
841 3497 876 3505 —-
894 3468 967 3518 donn
985 3468 1030 3518 hol
1047 3469 1091 3519 tete
1107 3469 1166 3530 ran,
1185 3456 1257 3514 Μ

160 3538 251 3586 reinero
272 3538 357 3587 holten
376 3539 500 3602 Wollrcn,
518 3538 568 3588 dan
585 3538 692 3588 delam
710 3536 769 3587 Aer
786 3537 921 3587 rarenter.
944 3535 975 3588 ei.
986 3535 1019 3587 de
1036 3524 1259 3604 Parthenop⁸⁶⁰

159 3601 226 3655 Stat.
243 3601 324 3654 Theb.
349 3603 396 3669 tx,
421 3608 470 3658 718
497 3606 600 3656 scilieet
623 3610 767 3669 angustum
790 3604 947 3654 iamdudum
970 3584 1261 3669 orgmutm'mffl

160 3670 326 3722 Maenalium
349 3674 398 3721 tibi
418 3689 615 3738 parceremus
636 3688 738 3739 perque
759 3677 840 3722 entra
857 3670 979 3731 ferarum
1006 3674 1055 3722 vic·
1078 3677 1154 3723 tactu
1175 3657 1265 3722 εἷθ’

161 3744 247 3789 matre
268 3738 356 3802 ferae,
379 3739 512 3790 silvestria
536 3744 613 3792 enter
629 3741 748 3791 nondum
767 3740 819 3790 tela
836 3754 941 3804 procae
959 3754 1105 3805 arcumque
1121 3742 1178 3807 inp
1224 3785 1238 3799 ,

161 3806 275 3857 valebas.
310 3806 342 3857 (le
359 3805 516 3874 Astyanacte
534 3808 631 3860 Seneca
649 3807 707 3860 Tre.
727 3809 775 3860 trs
797 3822 852 3857 non
870 3822 947 3857 amna
965 3811 1058 3857 traam
1074 3811 1169 3873 patr-ta
1185 3786 1277 3866 (⁰¹⁶

161 3877 229 3926 recte
247 3873 385 3931 Swobcda;
404 3889 491 3940 porea
509 3875 593 3936 codd.)
606 3877 736 3927 tractabis
745 3879 1109 3941 manceparrceqneparre'm
1120 3852 1281 3926 satew’

163 3943 225 3993 lctis
242 3941 316 4002 feras
334 3942 428 3993 aucae
444 3946 570 4006 reprime.
