2580 4366
494 244 522 284 L.
544 243 649 285 Annam
672 242 798 286 SENECAE

196 400 322 472 quantos
345 391 425 453 intus
447 390 581 454 sublimis
603 393 664 471 agit

194 479 313 538 fortuna
334 476 446 538 metusl
476 477 590 539 Bruttia
612 475 687 539 Coro

195 562 332 641 pulsante
354 563 463 622 fretum
486 562 582 624 lenior
603 562 682 624 unda
706 570 764 636 est;

196 656 316 726 pectora
338 664 453 727 pauper
475 665 578 709 secura
602 647 686 726 gerit.
782 694 785 698 .

196 740 277 793 tenet
300 751 315 792 e
337 731 435 811 patula
457 732 564 812 pocula
585 732 662 810 lego,

196 817 246 878 sed
270 835 331 878 non
353 816 466 896 trepida
489 824 570 878 tenet
592 815 640 879 illa
662 835 768 888 manu;

110 981 113 985 ἢ
196 902 289 981 carpit
309 900 410 962 faciles
432 901 562 981 vilesque
584 901 676 978 cibos,

194 987 244 1047 sed
268 1005 329 1047 non
352 987 470 1047 strictos
492 986 615 1065 respicit
637 1005 739 1047 enses:

194 1089 282 1132 aurea
304 1072 408 1133 miscet
429 1071 535 1150 pocula
558 1071 689 1149 sanguis.

195 1156 330 1217 coniunx
347 1155 464 1216 modico
488 1165 580 1235 nupta
601 1156 707 1216 marito

194 1258 255 1301 non
279 1239 422 1319 disposito
445 1240 521 1301 clara
543 1241 647 1301 monili

194 1332 289 1404 gestat
309 1326 406 1405 pelagi
430 1325 507 1387 dona
529 1321 673 1400 rubentis,

194 1427 249 1470 nec
271 1409 457 1489 gemmiferas
479 1409 604 1471 detrahit
625 1428 712 1471 aures

193 1494 267 1572 lapis
290 1494 351 1556 an
373 1495 469 1556 lectus
491 1495 522 1555 in
545 1494 634 1568 unda,

196 1597 253 1640 nec
274 1578 397 1640 Sidonio
420 1579 517 1640 mollis
539 1597 614 1641 aeno

196 1664 321 1743 repetita
344 1662 417 1724 bibit
439 1664 505 1725 lana
528 1664 663 1739 rubores,

195 1766 251 1809 nec
273 1748 406 1810 Maeonia
430 1748 583 1828 distinguit
605 1766 660 1810 acu

194 1851 268 1913 qnae
290 1833 436 1894 Phoebeis
459 1833 593 1896 subditus
617 1833 697 1894 euris

193 1917 265 1995 legit
288 1917 357 1979 Eois
380 1919 435 1979 Ser
457 1918 622 1979 arboribus.

194 2002 341 2086 quaelibet
363 2000 472 2064 herbae
493 2003 608 2065 tinxere
630 2001 714 2064 colus

194 2105 268 2164 quas
290 2087 425 2148 indoctae
449 2106 555 2149 nevere
576 2105 696 2148 manus:

193 2170 244 2233 sed
268 2190 328 2233 non
352 2171 458 2233 dubios
480 2173 559 2233 toret
582 2171 630 2234 illa
652 2179 744 2233 toros.

193 2256 329 2335 sequitur
351 2256 412 2318 dira
434 2256 567 2336 lampade
589 2257 697 2336 Erinys

194 2358 319 2419 quarum
342 2341 446 2421 populi
470 2341 588 2403 coluere
610 2341 699 2416 diem,

194 2443 250 2486 nec
273 2426 329 2487 sibi
351 2426 420 2488 felix
442 2444 557 2505 pauper
579 2425 705 2487 babetur

194 2509 252 2571 nisi
274 2510 376 2572 felices
399 2509 542 2572 cecidisse
563 2510 651 2571 videt.

285 2595 426 2675 Quisquis
449 2595 579 2656 medium
603 2594 715 2673 defugit
738 2594 794 2654 iter

193 2679 288 2741 stabili
311 2698 473 2760 numquam
496 2678 612 2742 tramite
635 2679 744 2741 currit:

193 2763 263 2824 dnm
286 2765 361 2844 petit
383 2784 476 2827 unum
499 2764 643 2844 praebere
665 2764 742 2825 diem

194 2850 350 2929 patrioque
372 2868 448 2929 puer
471 2850 603 2911 constitit
625 2847 689 2929 axej

194 2953 250 2995 nec
272 2953 326 3013 per
348 2934 468 2997 solitum
491 2934 621 2996 decurrit
643 2933 709 3008 iter,

196 3018 247 3079 sed
269 3018 415 3081 Phoebeis
437 3019 539 3098 ignota
560 3027 666 3099 petens

196 3103 292 3164 sidera
314 3103 438 3165 flammis
460 3112 576 3165 errante
599 3112 671 3178 rota,

193 3206 294 3250 secum
316 3189 426 3268 pariter
448 3188 576 3268 perdidit
598 3187 711 3249 orbem.

193 3273 322 3334 medium
345 3273 419 3336 caeli
441 3273 510 3334 dum
533 3273 628 3336 sulcat
650 3273 717 3346 iter,

192 3358 288 3419 tenuit
310 3356 432 3437 placitas
455 3357 600 3420 Daedalus
622 3375 690 3420 oras

195 3441 329 3522 nullique
352 3443 432 3505 dedit
453 3442 574 3505 nomina
596 3451 706 3522 ponto;
1041 3452 1044 3457 ’
1146 3451 1191 3505 ott

109 3563 313 3573 ...-——-—

194 3612 244 3681 o‘eo
262 3627 341 3679 cnoro
358 3626 383 3678 e
436 3629 484 3680 est
503 3626 630 3679 mitrorA
682 3627 732 3680 osa
751 3639 765 3675 e
785 3638 835 3676 aa.
853 3622 878 3674 u
895 3623 959 3685 etr
1018 3624 1070 3675 osa
1090 3625 1148 3692 ipsa
1166 3625 1191 3677 A

109 3696 282 3750 corrobores
300 3710 335 3746 oa
351 3693 449 3746 ruboris
468 3693 570 3746 1m.1l
645 3696 693 3749 oct
713 3706 782 3746 seres
800 3695 820 3758 ς
836 3688 968 3743 arboribus
985 3701 1028 3767 ser
1046 3689 1075 3742 Ε
1138 3695 1189 3749 668

108 3763 186 3827 colus
198 3779 232 3814 oe
249 3762 320 3815 colos
338 3765 398 3815 tm.
416 3761 441 3812 ll
458 3762 529 3815 colos
547 3762 573 3812 A
633 3764 683 3815 oro
701 3762 785 3813 curret
801 3759 826 3810 A
887 3758 936 3812 676
955 3757 1108 3826 patriosque
1125 3776 1190 3829 puer

108 3830 298 3883 concitatores
316 3831 341 3881 A
410 3831 459 3883 oto
497 3829 602 3882 erenrrit
620 3829 645 3879 A
725 3829 775 3882 680
793 3826 846 3894 ign.
864 3825 976 3904 secatA
1059 3829 1112 3882 683
1130 3845 1189 3882 curn

104 3897 193 4018 pergit
210 3899 353 3981 (peregerat
370 3903 397 3949 ot
412 3847 512 3950 similla
528 3901 556 3963 ς)
575 3898 600 3948 A
686 3898 736 3951 684
753 3895 829 3948 latias
847 3895 872 3946 A
889 3891 1002 3962 placidas
1020 3892 1046 3944 Ε
1064 3902 1190 3951 comm

125 3980 259 4020 ronooms
435 4009 437 4013 ,
