2602 4380
177 173 217 235 70
342 203 343 206 ¹
544 186 581 228 nu
603 184 732 228 nuaomu
753 182 876 226 ourano.

175 339 340 401 offensione
371 337 501 399 decurrit
527 355 584 397 nec
611 327 779 399 habendum
806 342 850 396 est
871 335 950 396 inter
971 334 1126 415 deteriora,
1171 330 1247 392 beati

175 423 383 504 praedicantur
405 422 513 502 quibus
537 440 603 482 cum
619 422 737 482 fortuna
752 420 880 482 secunda
896 429 926 481 et
940 419 1014 480 ritae
1029 420 1118 481 finem
1135 434 1247 496 ponere

80 567 82 570 .
176 507 259 570 lacile
281 508 328 570 sit.
366 526 397 569 se
419 507 531 586 patriae
553 507 728 586 superstites
750 507 780 566 in
803 504 973 567 servitutem
998 504 1077 579 duci,
1100 502 1247 564 Trachina

174 593 258 669 alias,
287 592 357 654 alias
386 592 480 671 Argos
508 591 658 653 Thebasve
686 590 781 652 natale
806 589 946 652 Herculis
974 589 1127 670 oppidum.
1179 587 1247 649 inde

175 677 290 738 occasio
319 678 383 739 data
414 685 457 738 est
485 677 657 738 horribilem
687 675 823 736 Herculis
857 673 1013 752 imaginem
1048 671 1243 753 depingendi:

175 780 263 842 quem
286 780 354 822 cum
375 763 482 823 iratum
504 762 645 833 viderint,
674 770 752 823 tutas
778 779 810 821 se
832 779 848 820 a
872 761 1007 820 fortunae
1029 757 1148 821 iniuriis
1171 776 1245 832 esse,

173 847 300 926 amplius
321 847 434 908 scilicet
455 846 522 907 mali
546 847 619 907 nihil
642 854 763 908 restare.
796 845 857 906 lole
881 864 942 906 non
958 862 1116 906 commune
1130 851 1246 905 tantum

173 932 224 992 sed
254 942 283 992 et
310 931 455 1010 privatum
483 932 539 993 sibi
565 931 761 993 infortunium
788 930 908 991 modum
930 930 1071 991 excedere
1094 928 1244 1010 queritur:

174 1034 235 1076 non
257 1016 394 1078 sufficere
417 1036 449 1078 se
470 1017 559 1078 tantis
582 1016 713 1077 cladibus
736 1015 921 1095 plangendis,
945 1015 1002 1077 nisi
1025 1015 1168 1095 querulae
1186 1013 1245 1076 aris

173 1101 273 1180 specie
294 1101 442 1163 induatur.
483 1103 592 1162 chorus
614 1101 743 1180 denique
765 1101 801 1162 ad
823 1099 998 1162 sententiam
1020 1100 1117 1179 primo
1140 1100 1208 1161 loco
1229 1117 1245 1160 a

173 1204 205 1246 se
227 1185 370 1265 prolatam
392 1185 555 1265 respiciens
578 1205 664 1247 casus
685 1186 785 1246 animo
806 1203 900 1263 aequo
915 1185 994 1247 lerre
1010 1186 1176 1247 secundum
1191 1183 1244 1245 bo·

172 1287 244 1330 num
273 1289 338 1331 esse
365 1271 484 1333 indicat.
530 1271 610 1350 quod
640 1271 671 1332 in
700 1271 757 1331 hoc
786 1270 916 1332 carmine
945 1270 1161 1349 reprehendam
1184 1287 1245 1331 non

172 1353 281 1415 habeo:
305 1355 455 1434 singulare
478 1375 543 1416 esse
566 1355 691 1416 vidimus
716 1358 774 1418 151
798 1355 1032 1435 monosyllabum
1055 1355 1087 1416 in
1110 1356 1172 1416 fine
1190 1372 1246 1435 po·

171 1439 276 1514 situm;
292 1448 481 1519 anapaestum
496 1459 522 1501 v.
543 1442 600 1504 185
616 1441 741 1502 similem
757 1440 786 1500 in
804 1440 851 1500 llf.
867 1440 969 1500 haberi
984 1439 1121 1501 diximus.
1144 1459 1171 1500 r.
1183 1441 1244 1503 213

166 1542 222 1604 pro
245 1524 277 1584 in
296 1525 423 1586 Etrusco
446 1526 539 1586 omitti
563 1544 686 1587 moneo:
710 1543 885 1605 quamquam
909 1525 994 1586 lacile
1016 1524 1089 1587 illud
1111 1525 1245 1587 ierimus.

256 1627 298 1670 vv.
326 1611 461 1673 1—235
489 1610 580 1688 igitur
609 1611 634 1670 si
659 1611 740 1689 ipsos
763 1618 877 1671 tantum
900 1617 1016 1690 spectes
1039 1628 1101 1671 non
1125 1618 1171 1672 est
1192 1628 1247 1672 cur

169 1693 302 1755 Senecae
324 1694 540 1757 abiudicentur.
571 1696 622 1757 sed
641 1695 683 1756 rei
700 1695 787 1755 cardo
803 1696 834 1755 in
849 1712 953 1756 scaena
969 1695 1106 1772 sequenti
1121 1694 1246 1757 vertitur

170 1795 245 1857 quae
268 1779 400 1841 continet
422 1781 570 1841 nutricem
593 1780 671 1841 inter
694 1788 723 1840 et
740 1779 907 1840 Deianiram
929 1781 965 1841 de
980 1779 1118 1840 Herculis
1140 1780 1246 1841 infido-

168 1861 249 1923 litate
278 1864 379 1926 uxoris
409 1865 451 1926 ira
480 1866 588 1926 amoris
617 1864 748 1926 remedio
777 1864 980 1944 conloquium.
1024 1863 1099 1925 haec
1128 1882 1246 1942 scaena,

168 1946 259 2007 totius
281 1948 448 2028 tragoediae
471 1950 535 2011 sine
558 1949 648 2011 dubio
672 1949 841 2028 gravissima
864 1958 894 2010 et
915 1949 999 2029 quasi
1022 1957 1122 2028 caput,
1150 1967 1247 2029 quan·

168 2038 271 2111 tepere
287 2051 303 2093 a
318 2033 512 2111 sequentibus
528 2034 666 2095 omnibus
681 2034 796 2095 differat
810 2035 890 2112 quod
906 2034 1001 2095 adhue
1017 2033 1092 2094 nulli
1108 2034 1247 2117 apparuit

169 2134 229 2177 non
252 2117 334 2178 valde
356 2117 448 2178 miror
454 2137 463 2192 ;
487 2119 600 2179 scilicet
620 2137 675 2197 per
691 2137 831 2179 versuum
848 2120 907 2179 duo
921 2118 1001 2180 milia
1017 2119 1072 2180 ista
1087 2118 1246 2181 eluctantis

168 2201 311 2261 iudicium
333 2202 451 2262 horrida
473 2202 504 2262 in
527 2202 651 2265 infinitis
674 2203 846 2280 ambagibus
870 2203 1021 2265 sterilitate
1044 2203 1172 2265 obtundi
1193 2222 1246 2266 ne·

169 2302 250 2345 cesse
274 2292 327 2345 est.
372 2294 400 2347 at
423 2288 551 2348 Senecae
572 2287 644 2348 boui
667 2288 795 2348 rhetoris
817 2287 957 2363 virtutes,
989 2306 1064 2366 quae
1087 2289 1118 2349 in
1142 2296 1245 2368 poste-

167 2370 246 2429 riore
269 2369 384 2431 fabulae
407 2379 490 2450 parte
512 2372 727 2447 desiderantur,
750 2372 780 2432 in
802 2373 902 2452 priore
919 2391 1023 2434 omnes
1038 2373 1244 2452 reperiuntur.

167 2454 239 2514 lurit
260 2454 379 2532 quidem
401 2454 537 2517 Deianira
561 2463 589 2517 et
611 2456 736 2530 insanit;
760 2458 810 2518 sed
835 2458 860 2519 si
876 2458 943 2538 quis
958 2457 1154 2536 conloquium
1169 2477 1246 2538 pau·

168 2556 237 2616 gere
266 2538 322 2600 sibi
351 2540 508 2619 proposuit
530 2541 608 2602 inter
629 2559 752 2602 uxorem
776 2542 888 2621 paelice
914 2543 1033 2603 domum
1055 2543 1174 2604 invecta
1197 2544 1245 2605 lu-

167 2631 282 2684 rentem
304 2625 511 2704 nutricemque
534 2625 759 2704 obloquentem,
789 2628 896 2688 melius
917 2628 972 2688 ista
993 2635 1088 2689 aetate
1110 2645 1174 2688 rem
1197 2627 1244 2689 in-

166 2706 289 2769 stituere
320 2727 381 2770 non
411 2710 518 2789 potuit.
564 2711 704 2786 omnino,
735 2712 760 2772 si
790 2712 860 2790 quid
891 2712 922 2773 in
950 2711 996 2772 his
1026 2711 1118 2773 rebus
1140 2711 1244 2774 iudicii

166 2810 307 2855 sensusve
329 2793 439 2869 habeo,
469 2796 520 2873 qui
542 2795 662 2857 alteram
684 2803 797 2875 partem
820 2796 997 2876 conscripsit
1019 2797 1087 2857 stilo
1109 2797 1244 2859 utitura

166 2877 281 2938 Seneca
309 2877 522 2954 diversissimo,
552 2881 603 2958 qui
634 2880 762 2959 priorem
792 2883 910 2959 gemino
935 2881 1022 2960 plane
1045 2893 1074 2942 et
1097 2892 1243 2960 cognato:

167 2962 318 3022 rhetorum
347 2963 433 3023 ludos
462 2972 588 3043 uterque
616 2965 752 3043 sapiunt,
783 2967 834 3026 sed
862 2977 896 3029 ut
925 2967 997 3026 alter
1019 2982 1054 3026 ex
1073 2966 1182 3042 Arelli,
1208 2984 1244 3028 ex

165 3045 295 3107 llurredi
319 3046 388 3107 ludo
411 3047 486 3108 alter
507 3049 678 3128 provenisse
700 3049 841 3111 videatur.

250 3132 280 3192 id
308 3132 478 3211 singillatim
507 3133 647 3213 persequi
673 3134 777 3195 lectori
800 3134 1029 3214 relinquendum
1053 3142 1113 3208 est;
1143 3152 1243 3197 meum

165 3226 210 3277 est
238 3217 383 3280 aliirmare
413 3235 516 3278 eorum
546 3236 621 3296 quae
649 3218 686 3279 de
715 3220 933 3298 comprobanda
961 3218 1051 3279 huius
1072 3219 1242 3298 tragoediae

166 3301 279 3362 diversa
302 3302 416 3382 origine
439 3310 468 3363 et
490 3301 640 3363 attulimus
662 3311 691 3364 et
712 3305 827 3365 adferre
850 3304 998 3383 possimus
1018 3320 1171 3383 perpauca
1185 3322 1243 3366 nec

167 3402 183 3444 e
206 3387 388 3464 gravioribus
410 3387 460 3448 illa
482 3388 518 3448 ad
540 3388 617 3447 hanc
639 3397 752 3466 partem
775 3389 933 3468 pertinere.
964 3396 1053 3465 atque
1074 3401 1153 3451 caret
1169 3388 1242 3451 Heu

166 3468 226 3530 caele
246 3489 273 3529 v.
291 3474 351 3536 406
375 3491 390 3533 a
413 3472 534 3534 nomine
552 3489 660 3550 graeco
678 3474 897 3534 excusationem
915 3473 1003 3534 habet
1021 3473 1119 3550 (feror
1139 3474 1243 3536 oleato

164 3572 191 3612 v.
217 3556 277 3616 757
301 3573 361 3617 non
385 3559 477 3635 item).
511 3564 601 3618 restat
618 3557 749 3636 perbibat
770 3559 898 3636 somnam
919 3556 978 3619 mei
997 3576 1024 3616 v.
1049 3559 1111 3620 557
1136 3568 1166 3620 et
1179 3561 1242 3638 fora

165 3655 221 3717 pro
242 3640 345 3717 forsan
366 3659 393 3700 v.
411 3644 487 3717 574;
513 3641 634 3703 omnino
653 3651 751 3703 autem
767 3644 830 3702 eius
846 3644 964 3720 generis
979 3644 1164 3719 argumentis
1179 3658 1241 3704 non

165 3722 220 3782 alio
251 3722 375 3783 consilio
405 3744 477 3787 usus
505 3745 570 3788 sum
597 3726 655 3787 nisi
677 3735 711 3788 ut
734 3726 880 3804 graviora,
909 3745 984 3806 quae
1007 3725 1121 3787 scilicet
1142 3727 1242 3808 ipsum

164 3806 317 3886 scriptoris
332 3808 485 3887 ingenium
502 3819 530 3872 et
546 3811 684 3872 carminis
696 3818 830 3872 naturam
842 3819 1009 3890 tangerent,
1025 3811 1241 3891 supplerentur

165 3899 193 3952 et
215 3891 401 3955 fulcirentur.
445 3896 518 3956 haec
540 3895 565 3957 si
588 3895 729 3956 deficiunt
751 3893 800 3956 illa
823 3895 897 3957 nihil
919 3897 1025 3958 valent.
1071 3899 1155 3976 atqui
1179 3906 1241 3960 sto-
