2580 4366
150 204 213 267 340
629 220 748 264 octavu

149 380 267 434 sentent
290 370 398 433 codicis
420 375 449 433 Σ
468 371 619 450 aequalem
642 365 771 452 itemque
792 374 870 435 varia
895 373 1029 437 lectione
1053 377 1237 440 instructum

152 492 240 553 quam
266 472 392 537 subinde
420 482 470 536 aut
497 483 677 554 receperunt
704 473 817 536 scribae
845 476 982 537 codicum
1018 477 1046 550 Q
1083 487 1117 540 et
1147 478 1237 541 llaut

156 578 300 658 pristinae
321 577 496 657 exemplaris
517 576 638 638 lectioni
659 578 690 637 in
712 577 845 655 margine
867 577 1088 642 adiunxerunt.

237 678 259 739 t
282 679 383 740 codice
398 679 513 740 nullum
536 679 728 758 interpolatae
743 679 927 740 recensionis
946 681 1164 761 antiquiorem
1186 684 1238 745 ori·

152 781 230 861 ginis
257 799 336 843 anno
367 788 501 843 notatum
530 779 616 842 nobis
644 780 810 841 innotuisse
830 779 1004 842 monuimus
1035 782 1056 842 l.
1085 802 1113 844 s.
1138 804 1171 866 p.
1194 786 1237 847 tn.

154 903 189 946 ex
212 901 270 964 quo
292 882 534 963 transcriptum²)
557 880 716 943 codiceml
738 882 921 944 contuleram
944 892 1117 965 antequam
1141 886 1238 949 archo

153 997 256 1066 typum
272 985 466 1062 invenissem;
482 985 663 1064 ubicumque
677 970 768 1064 igitur
778 984 884 1047 accidit
900 993 932 1046 ut
946 989 1124 1068 apographi
1140 988 1238 1051 lectio

155 1105 224 1149 nem
247 1089 441 1161 enotaverim,
472 1086 646 1166 exemplaris
675 1085 872 1164 neglexerim,
901 1087 1014 1149 codicis
1037 1088 1049 1149 l
1072 1090 1239 1170 scripturas

155 1190 288 1264 afferam3
311 1189 363 1267 qui
386 1206 590 1268 quaecumque
612 1205 682 1269 prae
704 1186 729 1247 Ls
748 1188 869 1268 propria
891 1188 978 1250 habet
1001 1209 1053 1266 ea,
1080 1192 1147 1255 nisi
1169 1193 1239 1254 forte

157 1310 192 1352 ex
215 1290 383 1352 coniectura
407 1290 536 1350 ilocum
561 1289 732 1366 emendarit,
756 1289 873 1352 silentio
895 1309 1040 1370 premam.

226 1386 290 1468 ‘Tb
312 1392 362 1468 m)
384 1389 438 1468 He)
463 1391 512 1467 0⁶)
535 1398 674 1468 quattuor
688 1390 766 1469 libri,
790 1410 917 1471 quorum
932 1388 1124 1456 consensum
1144 1395 1240 1476 potius

157 1512 247 1572 quam
270 1511 456 1556 communem
473 1495 664 1574 archetypum
686 1493 783 1557 littera
797 1497 836 1556 Π
855 1495 962 1572 notavi,
985 1496 1058 1557 satis
1082 1516 1197 1576 puram
1215 1506 1240 1560 at
1280 1566 1282 1575 Ι

155 1596 335 1658 incolumem
351 1595 478 1674 vulgaris
499 1595 634 1656 lectionis
657 1596 813 1674 imaginem
833 1597 968 1659 reddunt.
1017 1598 1118 1660 codex
1136 1601 1164 1660 0
1186 1617 1240 1661 rne-

158 1697 237 1759 dium
261 1697 408 1776 quendam
430 1697 508 1758 inter
532 1701 563 1759 d>
587 1705 614 1759 et
636 1700 675 1759 Π
693 1697 791 1759 locum
814 1707 905 1761 tenet.

244 1800 380 1863 Octaviae
402 1798 519 1861 codices
541 1817 646 1860 omnes
669 1817 744 1878 quos
767 1807 902 1862 tenemus
918 1799 970 1861 uni
993 1800 1071 1862 libro
1097 1805 1175 1866 satis
1197 1822 1248 1864 re·

159 1901 237 1962 centi
249 1901 394 1980 originem
406 1901 514 1962 debere
526 1900 711 1981 corruptelae
722 1918 896 1963 communes
907 1902 1014 1964 docent
1030 1903 1143 1982 quales
1154 1925 1182 1966 v.
1193 1908 1239 1969 90.

162 2004 232 2066 153.
256 2003 328 2066 317.
352 2004 413 2067 850
435 2001 620 2076 invenimus,
650 2011 684 2063 ut
712 2003 794 2064 locos
816 2004 932 2083 gravius
955 2012 984 2065 et
1010 2004 1146 2069 fortasse
1169 2007 1240 2070 anti·

160 2103 261 2182 quitus
284 2112 441 2185 corruptos
463 2113 655 2185 praeteream.
688 2104 839 2185 archetypi
856 2105 935 2167 illius
953 2104 1118 2168 lectionem
1137 2125 1240 2170 novem

162 2206 296 2267 codicum
320 2223 396 2285 quos
411 2207 615 2268 recensuimus
631 2223 781 2268 consensu
804 2208 1018 2287 repraesentari
1036 2217 1159 2271 certum
1183 2219 1240 2283 est;

162 2308 288 2387 propius
304 2326 382 2383 vero,
406 2307 456 2369 ubi
479 2308 667 2384 dissentiunt,
689 2309 724 2370 ad
748 2308 825 2371 illam
840 2309 932 2371 libros
950 2309 1076 2388 reliquis
1097 2313 1241 2375 vetustio-

162 2426 210 2469 res
232 2407 316 2470 §ot
338 2410 477 2471 accedere
499 2409 632 2489 quolibet
652 2409 718 2472 loco
742 2422 872 2490 apparet.
917 2410 1052 2491 proxime
1075 2415 1195 2476 accedit
1209 2416 1241 2487 Σ,

163 2511 226 2572 lere
241 2510 382 2573 immunis
396 2512 446 2574 ille
462 2511 646 2574 noviciorum
658 2511 794 2574 codicum
810 2521 839 2575 et
854 2513 991 2576 sordibus
1003 2523 1032 2576 et
1047 2515 1240 2579 coniecturis.

165 2612 217 2691 qui
239 2631 306 2673 cum
329 2631 390 2675 non
405 2614 546 2675 immunis
561 2614 599 2675 sit
621 2613 899 2695 interpolationibus
914 2633 975 2676 non
994 2616 1098 2678 multis
1123 2617 1241 2698 quidem

251 2815 277 2877 2)
295 2829 316 2865 e.
330 2830 355 2880 g.
368 2830 394 2867 v.
406 2817 438 2867 83
458 2764 717 2877 afflictffi'rieuorat
735 2816 793 2877 affl.
813 2817 861 2866 tibi
872 2816 1008 2867 meliorat
1068 2832 1096 2868 v.
1118 2821 1169 2871 113
1183 2821 1242 2869 binc

167 2940 227 2986 orta
244 2887 325 2987 iiior
342 2931 531 2993 foctoorumL
555 2935 617 2984 tino
635 2939 695 2985 orto
714 2940 753 2986 est
769 2933 885 2995 sericas.
905 2935 916 2985 l
982 2950 1009 2987 v.
1030 2936 1079 2988 191
1100 2939 1130 2987 in
1150 2954 1243 2989 ocum

167 3023 250 3087 turpi,
268 3035 316 3070 ocu
334 3018 360 3081 t,
380 3021 399 3068 τ’.
417 3034 441 3069 o.
460 3022 548 3085 turpis
566 3035 614 3070 ceu
633 3020 643 3069 l
664 3036 721 3072 cum
739 3020 859 3072 lineolam
876 3018 1050 3071 distinctivum
1069 3020 1151 3073 solito
1172 3022 1243 3075 altius

167 3103 318 3157 subductam
336 3103 452 3155 librarius
469 3103 577 3170 proclivi
594 3119 677 3156 errore
696 3119 743 3171 pro
760 3121 773 3154 c
790 3104 875 3157 littera
892 3103 1005 3155 haberet.

253 3191 279 3254 3)
297 3189 406 3240 subscr:
426 3188 514 3239 decom
533 3189 717 3254 tragediarum
730 3189 827 3241 Seneca
840 3189 906 3240 liber
919 3189 1038 3255 explicit.
1066 3195 1189 3259 scriptus
1199 3209 1245 3260 por

167 3291 209 3326 ma
223 3274 397 3326 Franciacum
415 3275 486 3338 (lm.
504 3289 561 3340 sup.
581 3289 642 3326 scu:
663 3277 786 3340 petratit)
805 3274 837 3326 de
856 3273 995 3326 Camerino
1014 3276 1044 3325 in
1062 3279 1177 3329 civitate
1195 3279 1243 3330 La-

168 3374 237 3410 cona
256 3374 327 3410 anno
347 3359 449 3410 domini
465 3369 633 3409 uacaturus
647 3375 735 3410 ancara
752 3359 885 3410 decembri
902 3363 949 3408 etc.
985 3374 1043 3410 cum
1062 3363 1245 3416 commentario

167 3442 264 3496 Nicolei
283 3443 412 3497 'l'reretbi

255 3531 280 3592 4)
298 3529 325 3581 in
342 3526 460 3580 illuceioli
485 3529 568 3583 indice
590 3529 664 3583 codd.
682 3530 743 3582 bibl.
761 3528 952 3581 Maletestieuae
970 3527 1124 3584 Caesenatis
1143 3533 1153 3584 l
1172 3549 1197 3600 p.
1216 3534 1246 3584 tt

170 3614 273 3666 saeculo
291 3613 334 3665 llll
354 3618 447 3666 temere
465 3615 599 3682 ascriptus.

257 3699 283 3762 5)
301 3697 390 3764 incipit
407 3698 446 3750 lli.
459 3702 524 3759 219;
543 3700 650 3753 subscr:
669 3701 750 3752 Lucii
761 3700 851 3750 Annei
861 3698 959 3749 Seneca
977 3696 1046 3750 libor
1059 3704 1248 3768 tragediae-ron

169 3783 290 3848 aeplicit.
326 3799 403 3848 qoem
421 3787 520 3851 scripsi
536 3800 585 3850 ego
598 3784 802 3836 Bortdolomoac
820 3783 852 3834 do
864 3783 1042 3834 Macincbolis
1062 3787 1095 3838 dc
1113 3788 1249 3841 Beluisr'oo

171 3870 295 3918 octoadas
312 3873 337 3918 et
355 3855 433 3920 erasis
451 3871 467 3921 2
485 3869 601 3933 versibus
619 3874 645 3922 ct
662 3869 781 3922 dimidio:
799 3872 828 3919 in
845 3878 1042 3923 Muccurum.

258 3955 284 4018 o)
303 3950 415 4004 abscissa
433 3955 513 4020 prima
531 3954 616 4006 fabula
634 3954 723 4022 incipit
740 3955 766 4006 in
784 3953 851 4022 Toy.
872 3958 927 4008 tta.
