2602 4380
503 226 648 271 macrum
663 212 792 289 [uranus]

110 380 206 442 Metus
227 377 380 456 Pavorque
402 377 505 439 furvus
528 386 557 440 et
578 378 719 441 trendens
741 379 834 441 Dolor

109 475 231 542 aterque
253 461 364 523 Luctus
387 462 523 540 sequitur
543 470 571 524 ct
593 463 715 525 Morbus
737 475 868 527 tremens

112 559 140 611 et
162 550 258 610 cincta
280 547 359 609 ferro
383 545 479 622 Bella;
503 547 534 608 in
556 558 688 610 extremo
711 550 808 612 abdita

110 635 191 695 iners
213 633 357 695 Senectus
379 632 495 693 adiuvat
515 633 622 695 haculo
644 636 776 713 gradum.

110 738 196 779 anun.
226 718 318 778 Estne
341 716 438 797 aliqua
460 717 547 779 tellus
571 717 686 780 Cereris
709 728 760 782 aut
780 719 889 783 Bacchi
913 718 1016 783 ferax?

110 822 191 864 runs.
219 801 286 863 Nun
309 813 392 882 prata
414 802 499 863 viridi
522 804 596 865 laeta
617 805 692 866 facie
714 805 882 883 germinant

110 908 167 951 nec
189 887 286 949 adulta
308 887 367 948 leni
390 887 512 950 fluctuat
533 887 668 969 Zephyro
691 908 793 969 seges3

110 992 172 1034 non
194 973 253 1035 nlla
274 990 372 1033 ramos
396 973 466 1035 silva
488 975 650 1052 pomiferos
675 975 780 1037 hahet:

110 1059 217 1119 sterilis
240 1057 383 1137 profundi
406 1058 522 1119 vastitas
544 1059 660 1139 squalet
681 1059 736 1122 soli

110 1151 140 1204 ct
160 1144 245 1205 foeda
267 1142 354 1204 tellus
377 1152 475 1222 torpet
496 1151 617 1205 aeterno
641 1145 709 1207 situ.

109 1230 249 1290 immotus
271 1247 321 1289 aer
343 1229 444 1291 haeret
466 1236 495 1289 et
516 1230 602 1308 pigro
625 1230 709 1292 sedet

110 1332 169 1375 nox
191 1322 252 1374 atra
273 1313 402 1374 mundo:
427 1321 533 1376 cuncta
555 1333 689 1377 maerore
712 1315 833 1377 horrida

109 1401 232 1478 ipsaque
255 1407 350 1459 morte
372 1398 456 1476 peior
478 1409 523 1460 cst
545 1400 649 1461 mortis
671 1400 764 1462 locus.

109 1503 194 1545 auru.
239 1483 316 1555 Quid
338 1483 387 1544 ille
409 1501 500 1563 opaca
523 1486 575 1562 qui
598 1485 674 1564 regit
695 1494 814 1565 sceptro
839 1484 914 1561 loca,

109 1587 167 1648 qua
190 1568 259 1630 sede
281 1569 396 1648 positus
418 1576 562 1647 temperat
583 1571 713 1649 populos
733 1567 834 1632 leves?

108 1672 189 1714 runs
234 1653 287 1714 Est
308 1654 339 1714 in
362 1670 482 1714 recessu
505 1653 619 1715 Tartari
641 1655 769 1716 obscuro
795 1654 889 1731 locus,

110 1758 198 1819 quem
221 1737 357 1817 gravibus
380 1737 493 1798 umhris
515 1738 610 1818 spissa
632 1740 726 1818 rahgo
749 1739 856 1818 alligat.

109 1843 125 1886 a
146 1826 229 1885 sonte
251 1823 365 1884 discors
387 1831 485 1884 manat
506 1823 577 1884 hinc
599 1843 660 1885 unc
683 1825 769 1902 latex,

108 1910 182 1971 alter
204 1910 305 1988 quieto
327 1907 431 1969 similis
464 1907 558 1986 (hunc
580 1908 679 1970 iurant
704 1909 764 1983 dei)

108 2003 224 2056 tacente
247 2011 359 2054 sacram
382 1994 530 2054 devehens
550 1992 640 2055 fluvio
662 1994 769 2073 stygin

107 2090 136 2140 at
159 2080 208 2140 hic
228 2078 358 2140 tumultu
380 2078 496 2158 rapitur
517 2079 630 2156 ingenti
652 2080 737 2141 ferox

109 2173 138 2226 et
159 2183 227 2226 saxa
248 2164 341 2225 fluctu
364 2162 451 2223 volvit
472 2164 610 2225 Acheron
631 2164 729 2225 invius

107 2249 279 2327 renavigari.
325 2248 455 2328 cingitur
478 2248 589 2328 duplici
611 2250 684 2311 vado

107 2336 226 2396 adversa
249 2333 324 2394 Ditis
346 2333 435 2411 regia,
461 2341 550 2412 atquc
571 2335 678 2413 ingens
700 2334 806 2396 domus

107 2419 264 2480 umbrante
285 2419 354 2479 luco
376 2419 495 2496 tegitur.
540 2419 589 2480 hic
609 2427 691 2482 vasto
714 2437 805 2499 specu

108 2505 240 2584 pendent
261 2503 379 2583 tyranni
400 2503 512 2578 limina,
534 2504 591 2566 hcc
614 2504 729 2567 umbris
750 2505 816 2581 iter,

107 2591 180 2652 haec
202 2596 287 2669 porta
310 2588 404 2666 regni.
449 2606 571 2668 campus
594 2590 670 2652 hanc
692 2589 770 2652 circa
793 2590 876 2664 iacet,

108 2676 138 2736 in
161 2693 220 2753 quc
244 2673 372 2753 superbo
395 2672 502 2750 digerit
522 2674 604 2736 vultu
626 2675 733 2737 sedans

107 2759 218 2821 animas
240 2767 376 2820 recentes
397 2758 460 2818 dira
483 2759 619 2821 maiestas
641 2759 698 2822 dei.

107 2845 190 2906 frons
213 2854 303 2918 torva,
326 2843 450 2904 fratrum
473 2862 549 2921 quae
570 2851 670 2906 tamen
693 2843 823 2924 speciem
845 2852 927 2924 gerat

107 2930 264 3009 gentisque
286 2937 393 3004 tantae,
415 2927 514 2989 vultus
536 2935 581 2990 est
602 2929 645 2991 illi
667 2928 753 3006 lovis,

107 3015 158 3076 sed
179 3014 380 3076 fulminantis:
404 3030 510 3092 magna
531 3031 600 3094 pars
622 3014 708 3094 regni
730 3013 822 3076 trucis

107 3112 151 3162 est
172 3101 237 3180 ipse
259 3098 406 3173 dominus,
430 3099 515 3160 cuius
537 3107 674 3179 aspectus
696 3099 779 3161 timet

106 3185 250 3264 quidquid
272 3184 401 3246 timetur.
467 3202 552 3246 auru.
589 3185 704 3247 Verane
726 3192 771 3247 est
792 3184 867 3246 fama
890 3181 992 3243 inseris

107 3281 166 3331 tam
187 3288 252 3331 sera
275 3269 356 3330 reddi
378 3270 444 3330 iura
465 3277 495 3330 et
515 3269 624 3331 oblitos
646 3270 694 3331 sui

105 3434 239 3485 rerumque
256 3423 370 3472 maestus
386 3417 446 3471 finis
465 3422 490 3469 et
507 3417 595 3471 mundi
612 3418 702 3471 ultima
942 3427 944 3433 ’
1139 3427 1180 3470 tut

192 3557 241 3608 693
264 3560 398 3623 metusque
416 3569 547 3622 pavorque
565 3554 596 3605 h.
615 3582 649 3590 -
673 3568 803 3620 pavorque
820 3552 895 3605 funus
914 3552 990 3605 cedd.
1010 3555 1132 3604 corrasit
1149 3552 1180 3603 da

107 3624 289 3677 Wilamowitz
342 3626 391 3677 695
410 3626 536 3674 extremo:
555 3635 642 3674 ceca
655 3623 670 3673 1
680 3621 750 3674 mu
802 3623 851 3673 697
871 3620 1006 3673 Gerereris:
1025 3620 1142 3671 alterum
1154 3634 1180 3672 re

106 3692 281 3824 ππ
628 3687 1181 3821 n«

49 3828 53 3834 ’
104 3797 176 3878 nihil
192 3832 300 3880 enatavi
328 3828 387 3881 hinc
403 3776 492 3892 imgg
561 3829 610 3881 722
629 3825 678 3878 dec
695 3797 773 3877 Αἱ-
787 3823 867 3889 vulgo
883 3828 947 3891 pact
963 3828 1078 3877 recentes
1095 3796 1181 3890 p’lam,

103 3902 167 3961 port
185 3893 226 3947 dei
247 3896 316 3961 (dec)
335 3897 429 3948 leniter
447 3899 645 3963 interpungunt
662 3894 708 3960 (cf.
726 3894 748 3960 1,
767 3892 827 3958 190)
903 3893 954 3944 tta
977 3891 1104 3958 specimen
1123 3892 1147 3945 Ε
1157 3893 1181 3944 Α

105 3967 209 4029 επις
278 3967 327 4017 726
345 3967 478 4034 aspectum
495 3965 521 4016 Α
590 3966 639 4018 728
656 3961 781 4016 redditu
