2580 4366
134 187 197 257 354
611 208 728 250 ocatur

132 355 262 419 blandita
283 357 376 432 vultu,
399 365 479 418 sorte
501 366 674 420 contentum
696 377 760 420 mea

132 441 189 504 alte
213 441 351 515 extulisti,
374 441 490 522 gravius
512 451 545 503 ut
567 460 684 504 ruerem
707 443 783 505 edita

133 536 270 607 receptus
292 545 359 588 aree
380 534 483 607 totque
508 527 710 608 prospicerem
733 525 850 591 metus?

131 613 237 674 melius
259 611 383 673 latebam
406 613 513 690 preeul
535 612 570 673 ab
594 613 719 675 invidiae
741 613 824 674 malis

130 706 262 760 remotus
284 697 362 758 inter
385 695 496 758 Corsici
517 716 609 776 rupes
630 697 729 771 maris,

130 780 182 843 ubi
202 781 279 844 liber
300 781 416 842 animus
438 790 468 842 et
490 781 536 842 sui
558 781 632 843 iuris
654 781 726 844 milri

129 884 255 946 semper,
268 866 387 928 vacabat
407 866 503 928 studia
525 866 669 929 recolenti
690 886 764 928 mea.

129 971 146 1012 o
170 970 258 1031 quam
280 951 406 1027 iuvabat,
428 969 488 1030 quo
511 951 584 1012 nihil
607 952 701 1014 maius
723 970 832 1031 parens

128 1036 238 1099 Natura
261 1036 374 1114 genuit,
397 1036 497 1117 operis
519 1036 656 1099 immensi
678 1037 792 1111 artifex,

128 1122 243 1185 eaelum
264 1121 384 1195 intueri,
408 1121 479 1182 solis
501 1121 629 1182 alternas
652 1120 730 1183 vices

127 1207 289 1286 orbemque
311 1203 455 1280 Phoebes,
477 1214 554 1266 astra
577 1225 666 1286 quem
688 1206 812 1286 cingunt
833 1224 915 1286 vaga,

125 1292 243 1371 lateque
265 1290 382 1369 fulgens
404 1290 532 1351 aetheris
554 1291 653 1370 magni
675 1291 781 1365 deeus3

127 1376 177 1457 qui
200 1376 226 1437 si
249 1374 387 1450 senescit,
409 1383 509 1435 tantus
531 1375 562 1436 in
586 1394 706 1438 caecum
729 1376 819 1438 elrans

126 1479 249 1524 casurus
271 1460 380 1522 iterum
403 1468 448 1521 est
472 1492 509 1504 -
534 1479 616 1523 nune
638 1462 707 1523 ades
728 1460 851 1535 munde,
874 1461 937 1522 dies

125 1565 283 1628 supremus
305 1545 367 1620 ille,
389 1543 440 1623 qui
462 1563 580 1624 premas
603 1564 697 1625 genus
720 1545 843 1626 impium

124 1632 196 1694 caeli
218 1630 315 1706 ruina,
337 1648 443 1691 rursus
465 1637 498 1691 ut
521 1631 642 1710 stirpem
666 1650 771 1692 novam

124 1725 246 1796 generet
268 1732 428 1778 renascens
451 1714 565 1791 melier,
589 1724 622 1776 ut
644 1716 794 1796 quondam
815 1715 884 1777 tulit

44 1802 47 1808 “
123 1801 248 1876 iuvenis,
271 1808 391 1862 tenente
413 1817 503 1878 regna
524 1800 656 1864 Saturne
679 1800 750 1880 poli.

122 1896 196 1949 tune
217 1885 266 1946 illa
287 1885 380 1964 virge,
403 1883 535 1946 numinis
558 1887 656 1965 magni
679 1885 742 1962 dea,

121 1971 244 2045 lustitia,
268 1969 347 2031 eaelo
369 1969 459 2031 missa
482 1988 552 2051 cunr,
571 1982 671 2033 saneta
694 1969 766 2031 Fide

120 2057 209 2119 terris
231 2055 351 2133 regebat
372 2053 452 2116 mitis
474 2053 638 2117 humanum
661 2072 765 2133 genus.

121 2160 182 2203 non
204 2139 281 2202 bella
303 2147 419 2213 norant,
442 2158 503 2200 nnn
525 2139 613 2201 tubae
634 2138 770 2201 fremitus
791 2150 901 2216 truces,

121 2245 182 2289 non
206 2243 285 2286 arma
307 2234 421 2304 gentes,
444 2224 563 2303 ningere
585 2234 740 2286 assuerant
761 2243 830 2286 suas

119 2310 214 2372 muris
236 2328 292 2371 nee
314 2308 420 2371 urbes:
444 2310 578 2387 pervium
601 2309 717 2371 eunetis
739 2309 804 2385 iter,

119 2395 287 2458 eommunis
309 2412 382 2455 usus
404 2393 536 2455 omnium
558 2413 659 2455 rerum
679 2394 753 2469 luit3

118 2490 149 2543 et
171 2480 234 2560 ipsa
256 2477 358 2539 Tellus
379 2478 453 2539 laeta
475 2479 619 2540 fecundos
641 2479 726 2540 sinus

118 2564 264 2646 pandebat
287 2562 376 2638 ultro,
399 2571 459 2623 tam
479 2563 538 2642 piis
561 2563 630 2626 felix
652 2582 760 2643 parens

118 2659 149 2712 et
168 2659 230 2712 tuta
252 2647 388 2709 alumnis.
423 2647 488 2714 alia
510 2647 562 2709 sed
585 2647 714 2722 subeles,
736 2647 836 2709 minus

119 2744 240 2814 experta
262 2732 352 2805 mitis,
374 2732 493 2794 tertium
516 2732 621 2795 sollers
644 2751 739 2812 genus

120 2839 211 2882 novas
233 2820 268 2880 ad
290 2829 368 2880 artes
391 2817 494 2893 extitit,
517 2827 652 2879 sanctum
676 2828 791 2892 tamen3

116 2924 184 2967 mox
206 2903 383 2982 inquietum,
406 2902 487 2982 qued
508 2903 594 2981 sequi
617 2921 707 2964 eursu
729 2903 807 2964 ieras

114 2990 238 3052 auderet
258 3006 351 3063 aeres,
373 2986 513 3050 fluetibus
536 2995 629 3049 tectos
651 2987 731 3066 gravi
1150 3001 1197 3051 449

117 3132 320 3144 nnn——

112 3221 175 3275 solis
193 3229 218 3274 et
235 3237 324 3274 currus
341 3237 427 3274 saeros
442 3221 446 3290 Ι
461 3219 599 3287 mundique
615 3225 700 3272 metus
1080 3221 1197 3277 aetites·

111 3369 316 3378 *ἀ*

197 3462 245 3513 ate
264 3459 349 3525 gravis
366 3457 441 3509 ΣΤΗ
508 3454 571 3511 38711
586 3458 648 3509 388·
666 3455 763 3506 deleuit
779 3455 873 3506 Detrie
949 3457 997 3507 387
1018 3456 1084 3507 tueri
1105 3458 1142 3512 M.
1160 3487 1195 3496 —

110 3543 199 3580 cursus
218 3531 241 3578 Φ
259 3526 443 3592 (livulg.u.l.)
496 3527 546 3578 388
563 3529 624 3591 post
637 3540 660 3574 a.
672 3523 764 3576 3900
815 3525 863 3576 394
884 3521 927 3590 qui
945 3536 1003 3574 sese
1016 3524 1103 3576 nescit
1114 3527 1193 3578 codd.

110 3599 231 3648 correxit
242 3595 364 3660 Scaliger
415 3596 465 3646 392
485 3600 525 3645 est
542 3607 592 3643 om.
610 3591 695 3655 eedd,
712 3590 815 3644 addidi.
832 3619 866 3628 —
885 3605 936 3642 nen
949 3588 986 3641 M.
1004 3616 1040 3628 —
1056 3591 1135 3646 adest
1143 3597 1196 3644 ΣΠ

109 3663 175 3715 adsit
194 3664 241 3715 ΦΒ
263 3664 384 3714 eerroett
403 3661 510 3712 Gratim
595 3661 645 3712 393
664 3664 763 3726 premat
780 3658 879 3710 mn
903 3657 1005 3725 (premit
1025 3659 1056 3723 9)
1079 3665 1195 3713 eor-rom·

109 3735 159 3785 399
176 3736 242 3784 terra
259 3731 319 3780 ΣὶΠ
336 3734 429 3782 terram
449 3733 472 3780 Ψ
490 3729 611 3781 eorl-enit
627 3727 739 3779 noturus
813 3729 863 3780 499
881 3741 929 3778 nee
946 3725 1024 3778 tubae
1041 3729 1068 3776 Σ
1139 3733 1192 3782 405

108 3797 169 3865 tam]
188 3815 244 3850 eum
262 3797 291 3849 Ν
334 3800 567 3860 ,tdntuta1cura
585 3795 617 3846 M
681 3797 731 3848 497
750 3801 890 3862 conspecta
914 3793 990 3846 codd.
1009 3801 1124 3848 correxi
1140 3801 1193 3862 (se-

105 3869 165 3919 euta
183 3866 371 3931 ductatores)
422 3868 472 3919 499
490 3881 515 3932 q.
531 3865 562 3925 s]
580 3861 739 3930 prosequttt
788 3866 839 3915 449
857 3877 948 3929 graves
966 3861 1044 3913 cedd.
1063 3869 1192 3917 correxit

103 3935 258 3986 -Grerteuius
