<?xml version="1.0" encoding="UTF-8"?>
<!DOCTYPE html PUBLIC "-//W3C//DTD XHTML 1.0 Transitional//EN"
    "http://www.w3.org/TR/xhtml1/DTD/xhtml1-transitional.dtd">
<html xmlns="http://www.w3.org/1999/xhtml" xml:lang="en" lang="en">
 <head>
  <title>
</title>
<meta http-equiv="Content-Type" content="text/html;charset=utf-8" />
  <meta name='ocr-system' content='tesseract 3.04.00' />
  <meta name='ocr-capabilities' content='ocr_page ocr_carea ocr_par ocr_line ocrx_word'/>
</head>
<body>
  <div class='ocr_page' id='page_1' title='image "./tragoediae00leogoog_0019.png"; bbox 0 0 2580 4366; ppageno 0'>
   <div class='ocr_carea' id='block_1_1' title="bbox 216 244 978 305">
    <p class='ocr_par' dir='ltr' id='par_1_1' title="bbox 216 244 978 305">
     <span class='ocr_line' id='line_1_1' title="bbox 216 244 978 305; baseline -0.005 0"><span class='ocrx_word' id='word_1_1' title='bbox 216 244 235 305; x_wconf 85' lang='grc'><strong>6</strong></span> <span class='ocrx_word' id='word_1_2' title='bbox 420 283 422 289; x_wconf 83' lang='lat'><em>.</em></span> <span class='ocrx_word' id='word_1_3' title='bbox 526 261 563 302; x_wconf 82' lang='lat' dir='ltr'><strong>nn</strong></span> <span class='ocrx_word' id='word_1_4' title='bbox 585 259 777 302; x_wconf 83' lang='lat' dir='ltr'><strong>nnonusnunrs</strong></span> <span class='ocrx_word' id='word_1_5' title='bbox 800 259 978 302; x_wconf 78' lang='lat' dir='ltr'><strong>rmoonnus.</strong></span> 
     </span>
    </p>
   </div>
   <div class='ocr_carea' id='block_1_2' title="bbox 207 408 1290 3030">
    <p class='ocr_par' dir='ltr' id='par_1_2' title="bbox 210 408 1290 1234">
     <span class='ocr_line' id='line_1_2' title="bbox 298 408 1284 490; baseline -0.003 -17"><span class='ocrx_word' id='word_1_6' title='bbox 298 410 332 473; x_wconf 92' lang='lat' dir='ltr'><strong>ln</strong></span> <span class='ocrx_word' id='word_1_7' title='bbox 354 410 413 470; x_wconf 93' lang='lat' dir='ltr'><strong>hoc</strong></span> <span class='ocrx_word' id='word_1_8' title='bbox 434 410 600 472; x_wconf 91' lang='lat' dir='ltr'><strong>recensoris</strong></span> <span class='ocrx_word' id='word_1_9' title='bbox 621 411 719 471; x_wconf 85' lang='lat' dir='ltr'><strong>officio</strong></span> <span class='ocrx_word' id='word_1_10' title='bbox 739 409 902 490; x_wconf 82' lang='lat' dir='ltr'><strong>profecisse</strong></span> <span class='ocrx_word' id='word_1_11' title='bbox 929 409 1039 488; x_wconf 91' lang='lat' dir='ltr'><strong>aliquid</strong></span> <span class='ocrx_word' id='word_1_12' title='bbox 1069 408 1142 471; x_wconf 93' lang='lat' dir='ltr'><strong>mihi</strong></span> <span class='ocrx_word' id='word_1_13' title='bbox 1162 408 1284 471; x_wconf 86' lang='lat' dir='ltr'><strong>videbar</strong></span> 
     </span>
     <span class='ocr_line' id='line_1_3' title="bbox 214 493 1285 574; baseline -0.008 -16"><span class='ocrx_word' id='word_1_14' title='bbox 214 515 283 558; x_wconf 91' lang='lat' dir='ltr'><strong>cum</strong></span> <span class='ocrx_word' id='word_1_15' title='bbox 304 495 432 556; x_wconf 92' lang='lat' dir='ltr'><strong>duorum</strong></span> <span class='ocrx_word' id='word_1_16' title='bbox 453 495 587 556; x_wconf 89' lang='lat' dir='ltr'><strong>codicum</strong></span> <span class='ocrx_word' id='word_1_17' title='bbox 614 496 773 573; x_wconf 81' lang='lat' dir='ltr'>genuinam</span> <span class='ocrx_word' id='word_1_18' title='bbox 798 495 955 556; x_wconf 90' lang='lat' dir='ltr'><strong>lectionem</strong></span> <span class='ocrx_word' id='word_1_19' title='bbox 981 513 1053 574; x_wconf 93' lang='lat' dir='ltr'><strong>prae</strong></span> <span class='ocrx_word' id='word_1_20' title='bbox 1075 514 1107 557; x_wconf 91' lang='lat' dir='ltr'><strong>se</strong></span> <span class='ocrx_word' id='word_1_21' title='bbox 1128 493 1285 556; x_wconf 71' lang='lat' dir='ltr'><strong>ferentino</strong></span> 
     </span>
     <span class='ocr_line' id='line_1_4' title="bbox 213 578 1276 659; baseline -0.002 -17"><span class='ocrx_word' id='word_1_22' title='bbox 213 580 322 642; x_wconf 83' lang='lat' dir='ltr'><strong>auxilio</strong></span> <span class='ocrx_word' id='word_1_23' title='bbox 337 581 424 641; x_wconf 89' lang='lat' dir='ltr'><strong>fidem</strong></span> <span class='ocrx_word' id='word_1_24' title='bbox 440 580 503 642; x_wconf 91' lang='lat' dir='ltr'><strong>eius</strong></span> <span class='ocrx_word' id='word_1_25' title='bbox 518 578 630 640; x_wconf 92' lang='lat' dir='ltr'><strong>iihrarii</strong></span> <span class='ocrx_word' id='word_1_26' title='bbox 653 581 705 659; x_wconf 92' lang='lat' dir='ltr'><strong>qui</strong></span> <span class='ocrx_word' id='word_1_27' title='bbox 719 579 879 641; x_wconf 85' lang='lat' dir='ltr'><strong>Etruscum</strong></span> <span class='ocrx_word' id='word_1_28' title='bbox 899 579 1031 640; x_wconf 81' lang='lat' dir='ltr'><strong>codicem</strong></span> <span class='ocrx_word' id='word_1_29' title='bbox 1054 580 1180 641; x_wconf 80' lang='lat' dir='ltr'><strong>exaravit</strong></span> <span class='ocrx_word' id='word_1_30' title='bbox 1201 579 1276 641; x_wconf 90' lang='lat' dir='ltr'><strong>aesti</strong></span> 
     </span>
     <span class='ocr_line' id='line_1_5' title="bbox 212 663 1283 745; baseline -0.002 -18"><span class='ocrx_word' id='word_1_31' title='bbox 212 666 287 727; x_wconf 91' lang='lat' dir='ltr'><strong>mari</strong></span> <span class='ocrx_word' id='word_1_32' title='bbox 301 682 390 745; x_wconf 90' lang='lat' dir='ltr'><strong>posse</strong></span> <span class='ocrx_word' id='word_1_33' title='bbox 404 664 476 726; x_wconf 94' lang='lat' dir='ltr'><strong>mihi</strong></span> <span class='ocrx_word' id='word_1_34' title='bbox 491 665 714 745; x_wconf 90' lang='lat' dir='ltr'><strong>persuasissem.</strong></span> <span class='ocrx_word' id='word_1_35' title='bbox 740 664 968 726; x_wconf 80' lang='lat' dir='ltr'>Ambrosianum</span> <span class='ocrx_word' id='word_1_36' title='bbox 980 665 1060 725; x_wconf 90' lang='lat' dir='ltr'><strong>enim</strong></span> <span class='ocrx_word' id='word_1_37' title='bbox 1075 672 1105 726; x_wconf 91' lang='lat' dir='ltr'><strong>et</strong></span> <span class='ocrx_word' id='word_1_38' title='bbox 1115 663 1259 726; x_wconf 86' lang='lat' dir='ltr'><strong>Vaticanu</strong></span> <span class='ocrx_word' id='word_1_39' title='bbox 1268 691 1283 719; x_wconf 83' lang='lat' dir='ltr'><strong>o</strong></span> 
     </span>
     <span class='ocr_line' id='line_1_6' title="bbox 213 748 1290 829; baseline -0.001 -17"><span class='ocrx_word' id='word_1_40' title='bbox 213 769 249 812; x_wconf 82' lang='lat' dir='ltr'><strong>ex</strong></span> <span class='ocrx_word' id='word_1_41' title='bbox 269 749 388 811; x_wconf 87' lang='lat' dir='ltr'><strong>Etrusci</strong></span> <span class='ocrx_word' id='word_1_42' title='bbox 410 750 534 829; x_wconf 87' lang='lat' dir='ltr'><strong>gemello</strong></span> <span class='ocrx_word' id='word_1_43' title='bbox 554 750 700 829; x_wconf 88' lang='lat' dir='ltr'><strong>pendere,</strong></span> <span class='ocrx_word' id='word_1_44' title='bbox 723 749 842 810; x_wconf 91' lang='lat' dir='ltr'><strong>illorum</strong></span> <span class='ocrx_word' id='word_1_45' title='bbox 864 749 955 827; x_wconf 91' lang='lat' dir='ltr'><strong>igitur</strong></span> <span class='ocrx_word' id='word_1_46' title='bbox 977 758 1006 809; x_wconf 91' lang='lat' dir='ltr'><strong>et</strong></span> <span class='ocrx_word' id='word_1_47' title='bbox 1020 749 1140 810; x_wconf 82' lang='lat' dir='ltr'><strong>Etrusci</strong></span> <span class='ocrx_word' id='word_1_48' title='bbox 1161 748 1290 821; x_wconf 87' lang='lat' dir='ltr'><strong>lection</strong></span> 
     </span>
     <span class='ocr_line' id='line_1_7' title="bbox 212 833 1289 914; baseline -0.002 -18"><span class='ocrx_word' id='word_1_49' title='bbox 212 834 291 896; x_wconf 87' lang='lat' dir='ltr'><strong>inter</strong></span> <span class='ocrx_word' id='word_1_50' title='bbox 312 852 344 895; x_wconf 90' lang='lat' dir='ltr'><strong>se</strong></span> <span class='ocrx_word' id='word_1_51' title='bbox 367 841 534 914; x_wconf 87' lang='lat' dir='ltr'><strong>comparata</strong></span> <span class='ocrx_word' id='word_1_52' title='bbox 559 852 747 896; x_wconf 89' lang='lat' dir='ltr'><strong>communem</strong></span> <span class='ocrx_word' id='word_1_53' title='bbox 768 833 961 914; x_wconf 80' lang='lat' dir='ltr'><strong>archetypum</strong></span> <span class='ocrx_word' id='word_1_54' title='bbox 986 833 1102 894; x_wconf 87' lang='lat' dir='ltr'><strong>restitui</strong></span> <span class='ocrx_word' id='word_1_55' title='bbox 1127 852 1183 914; x_wconf 92' lang='lat' dir='ltr'><strong>pro</strong></span> <span class='ocrx_word' id='word_1_56' title='bbox 1207 841 1289 895; x_wconf 87' lang='lat' dir='ltr'><strong>certo</strong></span> 
     </span>
     <span class='ocr_line' id='line_1_8' title="bbox 212 917 1284 999; baseline -0.001 -19"><span class='ocrx_word' id='word_1_57' title='bbox 212 917 303 980; x_wconf 90' lang='lat' dir='ltr'><strong>habui</strong></span> <span class='ocrx_word' id='word_1_58' title='bbox 318 926 347 980; x_wconf 91' lang='lat' dir='ltr'><strong>et</strong></span> <span class='ocrx_word' id='word_1_59' title='bbox 358 920 520 998; x_wconf 84' lang='lat' dir='ltr'><strong>explorato.</strong></span> <span class='ocrx_word' id='word_1_60' title='bbox 549 938 606 999; x_wconf 91' lang='lat' dir='ltr'><strong>qua</strong></span> <span class='ocrx_word' id='word_1_61' title='bbox 623 919 657 981; x_wconf 90' lang='lat' dir='ltr'><strong>de</strong></span> <span class='ocrx_word' id='word_1_62' title='bbox 672 936 704 980; x_wconf 91' lang='lat' dir='ltr'><strong>re</strong></span> <span class='ocrx_word' id='word_1_63' title='bbox 720 937 896 998; x_wconf 88' lang='lat' dir='ltr'><strong>quamquam</strong></span> <span class='ocrx_word' id='word_1_64' title='bbox 910 919 994 980; x_wconf 93' lang='lat' dir='ltr'><strong>aliter</strong></span> <span class='ocrx_word' id='word_1_65' title='bbox 1005 919 1192 980; x_wconf 92' lang='lat' dir='ltr'><strong>statuendum</strong></span> <span class='ocrx_word' id='word_1_66' title='bbox 1203 918 1284 979; x_wconf 85' lang='lat' dir='ltr'><strong>vide·</strong></span> 
     </span>
     <span class='ocr_line' id='line_1_9' title="bbox 212 1003 1289 1085; baseline 0 -21"><span class='ocrx_word' id='word_1_67' title='bbox 212 1011 369 1084; x_wconf 89' lang='lat' dir='ltr'><strong>postquam</strong></span> <span class='ocrx_word' id='word_1_68' title='bbox 383 1004 447 1085; x_wconf 93' lang='lat' dir='ltr'><strong>ipse</strong></span> <span class='ocrx_word' id='word_1_69' title='bbox 461 1003 620 1066; x_wconf 90' lang='lat' dir='ltr'><strong>Etruscum</strong></span> <span class='ocrx_word' id='word_1_70' title='bbox 636 1004 768 1065; x_wconf 88' lang='lat' dir='ltr'><strong>codicem</strong></span> <span class='ocrx_word' id='word_1_71' title='bbox 784 1004 910 1078; x_wconf 82' lang='lat' dir='ltr'><strong>excussi,</strong></span> <span class='ocrx_word' id='word_1_72' title='bbox 925 1013 1023 1065; x_wconf 90' lang='lat' dir='ltr'><strong>tamen</strong></span> <span class='ocrx_word' id='word_1_73' title='bbox 1037 1003 1121 1064; x_wconf 90' lang='lat' dir='ltr'><strong>libris</strong></span> <span class='ocrx_word' id='word_1_74' title='bbox 1131 1003 1189 1064; x_wconf 92' lang='lat' dir='ltr'><strong>illis</strong></span> <span class='ocrx_word' id='word_1_75' title='bbox 1200 1021 1289 1065; x_wconf 88' lang='lat' dir='ltr'><strong>accu-</strong></span> 
     </span>
     <span class='ocr_line' id='line_1_10' title="bbox 211 1087 1272 1168; baseline -0.001 -18"><span class='ocrx_word' id='word_1_76' title='bbox 211 1096 273 1150; x_wconf 91' lang='lat' dir='ltr'><strong>rate</strong></span> <span class='ocrx_word' id='word_1_77' title='bbox 295 1088 495 1150; x_wconf 88' lang='lat' dir='ltr'><strong>describendis</strong></span> <span class='ocrx_word' id='word_1_78' title='bbox 517 1096 634 1149; x_wconf 89' lang='lat' dir='ltr'><strong>etcum</strong></span> <span class='ocrx_word' id='word_1_79' title='bbox 657 1087 784 1150; x_wconf 88' lang='lat' dir='ltr'><strong>Etrusco</strong></span> <span class='ocrx_word' id='word_1_80' title='bbox 807 1088 996 1150; x_wconf 86' lang='lat' dir='ltr'><strong>conserendis</strong></span> <span class='ocrx_word' id='word_1_81' title='bbox 1014 1088 1209 1168; x_wconf 87' lang='lat' dir='ltr'><strong>supersedere</strong></span> <span class='ocrx_word' id='word_1_82' title='bbox 1233 1106 1272 1149; x_wconf 91' lang='lat' dir='ltr'><strong>ne</strong></span> 
     </span>
     <span class='ocr_line' id='line_1_11' title="bbox 210 1171 466 1234; baseline -0.004 0"><span class='ocrx_word' id='word_1_83' title='bbox 210 1173 278 1234; x_wconf 85' lang='lat' dir='ltr'><strong>volo</strong></span> <span class='ocrx_word' id='word_1_84' title='bbox 293 1191 350 1234; x_wconf 90' lang='lat' dir='ltr'><strong>nec</strong></span> <span class='ocrx_word' id='word_1_85' title='bbox 364 1171 466 1234; x_wconf 92' lang='lat' dir='ltr'><strong>debeo.</strong></span> 
     </span>
    </p>

    <p class='ocr_par' dir='ltr' id='par_1_3' title="bbox 207 1256 1289 2353">
     <span class='ocr_line' id='line_1_12' title="bbox 295 1256 1281 1336; baseline -0.006 -18"><span class='ocrx_word' id='word_1_86' title='bbox 295 1257 453 1318; x_wconf 83' lang='lat' dir='ltr'><strong>Mediolani</strong></span> <span class='ocrx_word' id='word_1_87' title='bbox 478 1257 510 1318; x_wconf 93' lang='lat' dir='ltr'><strong>in</strong></span> <span class='ocrx_word' id='word_1_88' title='bbox 536 1257 713 1319; x_wconf 90' lang='lat' dir='ltr'><strong>bibliotheca</strong></span> <span class='ocrx_word' id='word_1_89' title='bbox 735 1256 928 1319; x_wconf 80' lang='lat' dir='ltr'><strong>Ambrosiana</strong></span> <span class='ocrx_word' id='word_1_90' title='bbox 954 1256 1170 1336; x_wconf 87' lang='lat' dir='ltr'><strong>tragoediarum</strong></span> <span class='ocrx_word' id='word_1_91' title='bbox 1197 1259 1281 1319; x_wconf 88' lang='lat' dir='ltr'><strong>code</strong></span> 
     </span>
     <span class='ocr_line' id='line_1_13' title="bbox 210 1341 1289 1419; baseline 0.001 -16"><span class='ocrx_word' id='word_1_92' title='bbox 210 1351 375 1404; x_wconf 81' lang='lat' dir='ltr'><strong>asservatur</strong></span> <span class='ocrx_word' id='word_1_93' title='bbox 396 1342 507 1403; x_wconf 88' lang='lat' dir='ltr'><strong>saeculi</strong></span> <span class='ocrx_word' id='word_1_94' title='bbox 525 1341 590 1402; x_wconf 91' lang='lat' dir='ltr'><strong>XIV</strong></span> <span class='ocrx_word' id='word_1_95' title='bbox 612 1341 853 1404; x_wconf 89' lang='lat' dir='ltr'><strong>membranaceus</strong></span> <span class='ocrx_word' id='word_1_96' title='bbox 875 1342 1021 1419; x_wconf 81' lang='lat' dir='ltr'><strong>oblongae</strong></span> <span class='ocrx_word' id='word_1_97' title='bbox 1042 1342 1155 1403; x_wconf 84' lang='lat' dir='ltr'><strong>formae</strong></span> <span class='ocrx_word' id='word_1_98' title='bbox 1176 1342 1289 1404; x_wconf 93' lang='lat' dir='ltr'><strong>duode-</strong></span> 
     </span>
     <span class='ocr_line' id='line_1_14' title="bbox 211 1423 1285 1509; baseline 0.001 -22"><span class='ocrx_word' id='word_1_99' title='bbox 211 1426 427 1506; x_wconf 87' lang='lat' dir='ltr'><strong>quinquaginta</strong></span> <span class='ocrx_word' id='word_1_100' title='bbox 441 1426 582 1488; x_wconf 89' lang='lat' dir='ltr'><strong>fohorum</strong></span> <span class='ocrx_word' id='word_1_101' title='bbox 596 1423 788 1509; x_wconf 89' lang='lat' dir='ltr'><strong>(quinicnum</strong></span> <span class='ocrx_word' id='word_1_102' title='bbox 800 1434 950 1504; x_wconf 88' lang='lat' dir='ltr'><strong>quattuor,</strong></span> <span class='ocrx_word' id='word_1_103' title='bbox 966 1435 1033 1488; x_wconf 89' lang='lat' dir='ltr'><strong>octo</strong></span> <span class='ocrx_word' id='word_1_104' title='bbox 1049 1426 1140 1488; x_wconf 91' lang='lat' dir='ltr'><strong>unius</strong></span> <span class='ocrx_word' id='word_1_105' title='bbox 1155 1426 1285 1488; x_wconf 89' lang='lat' dir='ltr'><strong>senioni</strong></span> 
     </span>
     <span class='ocr_line' id='line_1_15' title="bbox 209 1507 1289 1593; baseline 0 -21"><span class='ocrx_word' id='word_1_106' title='bbox 209 1507 363 1593; x_wconf 88' lang='lat' dir='ltr'><strong>foliorum)</strong></span> <span class='ocrx_word' id='word_1_107' title='bbox 384 1511 521 1571; x_wconf 92' lang='lat' dir='ltr'><strong>binarum</strong></span> <span class='ocrx_word' id='word_1_108' title='bbox 537 1511 741 1573; x_wconf 90' lang='lat' dir='ltr'><strong>columnarum</strong></span> <span class='ocrx_word' id='word_1_109' title='bbox 757 1529 971 1591; x_wconf 82' lang='lat' dir='ltr'><strong>sexagenorum</strong></span> <span class='ocrx_word' id='word_1_110' title='bbox 988 1520 1202 1590; x_wconf 89' lang='lat' dir='ltr'><strong>quaternorum</strong></span> <span class='ocrx_word' id='word_1_111' title='bbox 1223 1529 1289 1574; x_wconf 84' lang='lat' dir='ltr'><strong>ver·</strong></span> 
     </span>
     <span class='ocr_line' id='line_1_16' title="bbox 210 1593 1282 1678; baseline 0.001 -21"><span class='ocrx_word' id='word_1_112' title='bbox 210 1614 308 1669; x_wconf 91' lang='lat' dir='ltr'><strong>suum,</strong></span> <span class='ocrx_word' id='word_1_113' title='bbox 331 1594 467 1656; x_wconf 90' lang='lat' dir='ltr'><strong>manibus</strong></span> <span class='ocrx_word' id='word_1_114' title='bbox 481 1595 577 1658; x_wconf 88' lang='lat' dir='ltr'><strong>trihus</strong></span> <span class='ocrx_word' id='word_1_115' title='bbox 599 1604 691 1659; x_wconf 89' lang='lat' dir='ltr'><strong>aetate</strong></span> <span class='ocrx_word' id='word_1_116' title='bbox 713 1596 884 1675; x_wconf 85' lang='lat' dir='ltr'><strong>aequalibus</strong></span> <span class='ocrx_word' id='word_1_117' title='bbox 907 1605 1041 1658; x_wconf 83' lang='lat' dir='ltr'><strong>exaratus</strong></span> <span class='ocrx_word' id='word_1_118' title='bbox 1062 1593 1107 1678; x_wconf 90' lang='lat'><strong>(1.</strong></span> <span class='ocrx_word' id='word_1_119' title='bbox 1124 1595 1207 1674; x_wconf 91' lang='lat' dir='ltr'><strong>quin.</strong></span> <span class='ocrx_word' id='word_1_120' title='bbox 1224 1596 1237 1657; x_wconf 94' lang='lat' dir='ltr'><strong>l</strong></span> <span class='ocrx_word' id='word_1_121' title='bbox 1252 1615 1282 1658; x_wconf 83' lang='lat' dir='ltr'><strong>a·</strong></span> 
     </span>
     <span class='ocr_line' id='line_1_17' title="bbox 209 1677 1289 1764; baseline -0.001 -22"><span class='ocrx_word' id='word_1_122' title='bbox 209 1679 248 1742; x_wconf 85' lang='lat' dir='ltr'><strong>tv</strong></span> <span class='ocrx_word' id='word_1_123' title='bbox 268 1679 345 1742; x_wconf 91' lang='lat' dir='ltr'><strong>med.</strong></span> <span class='ocrx_word' id='word_1_124' title='bbox 375 1680 449 1758; x_wconf 89' lang='grc' dir='ltr'><strong>[ΗΟ.</strong></span> <span class='ocrx_word' id='word_1_125' title='bbox 466 1681 534 1756; x_wconf 86' lang='grc'><strong>38];</strong></span> <span class='ocrx_word' id='word_1_126' title='bbox 558 1682 587 1742; x_wconf 78' lang='lat'><strong>2.</strong></span> <span class='ocrx_word' id='word_1_127' title='bbox 610 1682 646 1742; x_wconf 96' lang='lat' dir='ltr'><strong>ad</strong></span> <span class='ocrx_word' id='word_1_128' title='bbox 667 1699 732 1742; x_wconf 89' lang='lat' dir='ltr'><strong>sen.</strong></span> <span class='ocrx_word' id='word_1_129' title='bbox 754 1682 805 1742; x_wconf 90' lang='lat' dir='ltr'><strong>iol.</strong></span> <span class='ocrx_word' id='word_1_130' title='bbox 827 1685 848 1744; x_wconf 88' lang='lat'>4</span> <span class='ocrx_word' id='word_1_131' title='bbox 869 1681 944 1759; x_wconf 86' lang='lat' dir='ltr'><strong>[Oct.</strong></span> <span class='ocrx_word' id='word_1_132' title='bbox 967 1683 1035 1757; x_wconf 82' lang='lat' dir='ltr'><strong>43l3</strong></span> <span class='ocrx_word' id='word_1_133' title='bbox 1059 1683 1088 1744; x_wconf 88' lang='grc'><strong>3.</strong></span> <span class='ocrx_word' id='word_1_134' title='bbox 1111 1682 1148 1742; x_wconf 93' lang='lat' dir='ltr'><strong>ad</strong></span> <span class='ocrx_word' id='word_1_135' title='bbox 1171 1677 1289 1764; x_wconf 87' lang='lat' dir='ltr'><strong>finem),</strong></span> 
     </span>
     <span class='ocr_line' id='line_1_18' title="bbox 211 1765 1277 1846; baseline 0.002 -19"><span class='ocrx_word' id='word_1_136' title='bbox 211 1783 299 1845; x_wconf 90' lang='lat' dir='ltr'><strong>quem</strong></span> <span class='ocrx_word' id='word_1_137' title='bbox 315 1765 444 1826; x_wconf 88' lang='lat' dir='ltr'><strong>recentis</strong></span> <span class='ocrx_word' id='word_1_138' title='bbox 457 1765 519 1826; x_wconf 87' lang='lat' dir='ltr'><strong>aevi</strong></span> <span class='ocrx_word' id='word_1_139' title='bbox 535 1766 686 1827; x_wconf 90' lang='lat' dir='ltr'><strong>neminem</strong></span> <span class='ocrx_word' id='word_1_140' title='bbox 701 1766 808 1846; x_wconf 84' lang='lat' dir='ltr'><strong>legisse</strong></span> <span class='ocrx_word' id='word_1_141' title='bbox 823 1766 963 1827; x_wconf 86' lang='lat' dir='ltr'><strong>foliorum</strong></span> <span class='ocrx_word' id='word_1_142' title='bbox 978 1765 1127 1845; x_wconf 84' lang='lat' dir='ltr'><strong>margines</strong></span> <span class='ocrx_word' id='word_1_143' title='bbox 1143 1765 1277 1829; x_wconf 89' lang='lat' dir='ltr'><strong>dooeban</strong></span> 
     </span>
     <span class='ocr_line' id='line_1_19' title="bbox 208 1849 1288 1930; baseline 0.002 -20"><span class='ocrx_word' id='word_1_144' title='bbox 208 1850 318 1930; x_wconf 88' lang='lat' dir='ltr'><strong>partim</strong></span> <span class='ocrx_word' id='word_1_145' title='bbox 331 1850 391 1912; x_wconf 90' lang='lat' dir='ltr'><strong>situ</strong></span> <span class='ocrx_word' id='word_1_146' title='bbox 406 1849 520 1929; x_wconf 87' lang='lat' dir='ltr'><strong>pridem</strong></span> <span class='ocrx_word' id='word_1_147' title='bbox 537 1850 738 1913; x_wconf 87' lang='lat' dir='ltr'><strong>cohaerentes.</strong></span> <span class='ocrx_word' id='word_1_148' title='bbox 770 1851 843 1913; x_wconf 91' lang='lat' dir='ltr'><strong>mihi</strong></span> <span class='ocrx_word' id='word_1_149' title='bbox 859 1850 894 1911; x_wconf 91' lang='lat' dir='ltr'><em>M</em></span> <span class='ocrx_word' id='word_1_150' title='bbox 912 1850 1003 1925; x_wconf 85' lang='lat' dir='ltr'><strong>audit,</strong></span> <span class='ocrx_word' id='word_1_151' title='bbox 1026 1851 1158 1929; x_wconf 88' lang='lat' dir='ltr'><strong>catalogo</strong></span> <span class='ocrx_word' id='word_1_152' title='bbox 1181 1849 1288 1912; x_wconf 91' lang='lat' dir='ltr'><strong>biblio·</strong></span> 
     </span>
     <span class='ocr_line' id='line_1_20' title="bbox 209 1933 1288 2014; baseline 0.003 -19"><span class='ocrx_word' id='word_1_153' title='bbox 209 1935 311 1996; x_wconf 90' lang='lat' dir='ltr'><strong>thecae</strong></span> <span class='ocrx_word' id='word_1_154' title='bbox 326 1933 353 1995; x_wconf 88' lang='lat' dir='ltr'><em>D</em></span> <span class='ocrx_word' id='word_1_155' title='bbox 368 1937 431 1998; x_wconf 80' lang='lat'><strong>276</strong></span> <span class='ocrx_word' id='word_1_156' title='bbox 446 1935 503 2014; x_wconf 77' lang='lat' dir='ltr'><strong>ios.</strong></span> <span class='ocrx_word' id='word_1_157' title='bbox 527 1936 661 1998; x_wconf 87' lang='lat' dir='ltr'><strong>eontinet</strong></span> <span class='ocrx_word' id='word_1_158' title='bbox 675 1936 793 1997; x_wconf 87' lang='lat' dir='ltr'><strong>Etrusci</strong></span> <span class='ocrx_word' id='word_1_159' title='bbox 809 1935 914 1997; x_wconf 90' lang='lat' dir='ltr'><strong>ordine</strong></span> <span class='ocrx_word' id='word_1_160' title='bbox 937 1943 967 1996; x_wconf 92' lang='lat' dir='ltr'><strong>et</strong></span> <span class='ocrx_word' id='word_1_161' title='bbox 987 1934 1159 1998; x_wconf 91' lang='lat' dir='ltr'><strong>nominibus</strong></span> <span class='ocrx_word' id='word_1_162' title='bbox 1181 1954 1288 1998; x_wconf 85' lang='lat' dir='ltr'><strong>novem</strong></span> 
     </span>
     <span class='ocr_line' id='line_1_21' title="bbox 208 2017 1288 2101; baseline 0.002 -21"><span class='ocrx_word' id='word_1_163' title='bbox 208 2019 384 2096; x_wconf 79' lang='lat' dir='ltr'><strong>tragoedias,</strong></span> <span class='ocrx_word' id='word_1_164' title='bbox 401 2017 518 2080; x_wconf 81' lang='lat' dir='ltr'><strong>Octavia</strong></span> <span class='ocrx_word' id='word_1_165' title='bbox 532 2019 565 2080; x_wconf 93' lang='lat' dir='ltr'><strong>in</strong></span> <span class='ocrx_word' id='word_1_166' title='bbox 579 2020 638 2082; x_wconf 86' lang='lat' dir='ltr'><strong>fine</strong></span> <span class='ocrx_word' id='word_1_167' title='bbox 649 2020 770 2095; x_wconf 87' lang='lat' dir='ltr'><strong>adiecta,</strong></span> <span class='ocrx_word' id='word_1_168' title='bbox 786 2021 872 2081; x_wconf 89' lang='lat' dir='ltr'><strong>cuius</strong></span> <span class='ocrx_word' id='word_1_169' title='bbox 885 2039 995 2082; x_wconf 91' lang='lat' dir='ltr'><strong>nomen</strong></span> <span class='ocrx_word' id='word_1_170' title='bbox 1010 2021 1128 2082; x_wconf 82' lang='lat' dir='ltr'><strong>Ottooid</strong></span> <span class='ocrx_word' id='word_1_171' title='bbox 1142 2020 1288 2101; x_wconf 90' lang='lat' dir='ltr'><strong>scriptum</strong></span> 
     </span>
     <span class='ocr_line' id='line_1_22' title="bbox 210 2103 1288 2184; baseline 0.002 -19"><span class='ocrx_word' id='word_1_172' title='bbox 210 2103 342 2165; x_wconf 91' lang='lat' dir='ltr'><strong>codicem</strong></span> <span class='ocrx_word' id='word_1_173' title='bbox 357 2103 387 2164; x_wconf 96' lang='lat' dir='ltr'><strong>in</strong></span> <span class='ocrx_word' id='word_1_174' title='bbox 403 2103 484 2165; x_wconf 91' lang='lat' dir='ltr'><strong>Italia</strong></span> <span class='ocrx_word' id='word_1_175' title='bbox 501 2104 697 2183; x_wconf 90' lang='lat' dir='ltr'><strong>compositum</strong></span> <span class='ocrx_word' id='word_1_176' title='bbox 720 2122 784 2165; x_wconf 91' lang='lat' dir='ltr'><strong>esse</strong></span> <span class='ocrx_word' id='word_1_177' title='bbox 807 2104 902 2166; x_wconf 91' lang='lat' dir='ltr'><strong>docet.</strong></span> <span class='ocrx_word' id='word_1_178' title='bbox 936 2113 1050 2184; x_wconf 91' lang='lat' dir='ltr'><strong>septem</strong></span> <span class='ocrx_word' id='word_1_179' title='bbox 1070 2105 1288 2184; x_wconf 89' lang='lat' dir='ltr'><strong>tragoediarum</strong></span> 
     </span>
     <span class='ocr_line' id='line_1_23' title="bbox 207 2185 1288 2267; baseline 0.006 -20"><span class='ocrx_word' id='word_1_180' title='bbox 207 2205 311 2250; x_wconf 84' lang='lat' dir='ltr'><strong>versus</strong></span> <span class='ocrx_word' id='word_1_181' title='bbox 325 2185 473 2266; x_wconf 82' lang='lat' dir='ltr'><strong>verbaque</strong></span> <span class='ocrx_word' id='word_1_182' title='bbox 488 2206 557 2249; x_wconf 91' lang='lat' dir='ltr'><strong>cum</strong></span> <span class='ocrx_word' id='word_1_183' title='bbox 578 2188 707 2267; x_wconf 90' lang='lat' dir='ltr'><strong>genuina</strong></span> <span class='ocrx_word' id='word_1_184' title='bbox 729 2188 859 2251; x_wconf 88' lang='lat' dir='ltr'><strong>editione</strong></span> <span class='ocrx_word' id='word_1_185' title='bbox 878 2189 1085 2251; x_wconf 89' lang='lat' dir='ltr'><strong>consentiunt:</strong></span> <span class='ocrx_word' id='word_1_186' title='bbox 1110 2208 1178 2251; x_wconf 92' lang='lat' dir='ltr'><strong>cum</strong></span> <span class='ocrx_word' id='word_1_187' title='bbox 1193 2191 1288 2253; x_wconf 88' lang='lat' dir='ltr'><strong>inter·</strong></span> 
     </span>
     <span class='ocr_line' id='line_1_24' title="bbox 207 2271 874 2353; baseline 0.003 -21"><span class='ocrx_word' id='word_1_188' title='bbox 207 2272 306 2352; x_wconf 90' lang='lat' dir='ltr'><strong>polata</strong></span> <span class='ocrx_word' id='word_1_189' title='bbox 322 2271 503 2333; x_wconf 89' lang='lat' dir='ltr'><strong>Phoenissae</strong></span> <span class='ocrx_word' id='word_1_190' title='bbox 518 2279 548 2333; x_wconf 89' lang='lat' dir='ltr'><strong>et</strong></span> <span class='ocrx_word' id='word_1_191' title='bbox 561 2274 680 2335; x_wconf 87' lang='lat' dir='ltr'><strong>Medeae</strong></span> <span class='ocrx_word' id='word_1_192' title='bbox 697 2273 780 2353; x_wconf 89' lang='lat' dir='ltr'><strong>prior</strong></span> <span class='ocrx_word' id='word_1_193' title='bbox 795 2291 874 2353; x_wconf 91' lang='lat' dir='ltr'><strong>pars.</strong></span> 
     </span>
    </p>

    <p class='ocr_par' dir='ltr' id='par_1_4' title="bbox 207 2356 1287 3030">
     <span class='ocr_line' id='line_1_25' title="bbox 295 2356 1287 2437; baseline 0.006 -21"><span class='ocrx_word' id='word_1_194' title='bbox 295 2364 324 2417; x_wconf 89' lang='lat' dir='ltr'><strong>et</strong></span> <span class='ocrx_word' id='word_1_195' title='bbox 338 2356 419 2418; x_wconf 93' lang='lat' dir='ltr'><strong>hunc</strong></span> <span class='ocrx_word' id='word_1_196' title='bbox 434 2357 567 2419; x_wconf 87' lang='lat' dir='ltr'><strong>codicem</strong></span> <span class='ocrx_word' id='word_1_197' title='bbox 582 2358 645 2437; x_wconf 89' lang='lat' dir='ltr'><strong>ipse</strong></span> <span class='ocrx_word' id='word_1_198' title='bbox 661 2358 778 2420; x_wconf 84' lang='lat' dir='ltr'><strong>excussi</strong></span> <span class='ocrx_word' id='word_1_199' title='bbox 793 2367 822 2420; x_wconf 91' lang='lat' dir='ltr'><strong>et</strong></span> <span class='ocrx_word' id='word_1_200' title='bbox 836 2358 956 2420; x_wconf 88' lang='lat' dir='ltr'><strong>tertium</strong></span> <span class='ocrx_word' id='word_1_201' title='bbox 980 2359 1127 2436; x_wconf 85' lang='lat' dir='ltr'><strong>genuinae</strong></span> <span class='ocrx_word' id='word_1_202' title='bbox 1148 2359 1287 2423; x_wconf 86' lang='lat' dir='ltr'><strong>editionis</strong></span> 
     </span>
     <span class='ocr_line' id='line_1_26' title="bbox 209 2441 1287 2521; baseline 0.004 -19"><span class='ocrx_word' id='word_1_203' title='bbox 209 2441 359 2521; x_wconf 81' lang='lat' dir='ltr'><strong>exemplar</strong></span> <span class='ocrx_word' id='word_1_204' title='bbox 374 2441 438 2520; x_wconf 84' lang='lat' dir='ltr'><strong>(N),</strong></span> <span class='ocrx_word' id='word_1_205' title='bbox 460 2443 540 2521; x_wconf 93' lang='lat' dir='ltr'><strong>quod</strong></span> <span class='ocrx_word' id='word_1_206' title='bbox 555 2442 727 2505; x_wconf 84' lang='lat' dir='ltr'><strong>continetur</strong></span> <span class='ocrx_word' id='word_1_207' title='bbox 740 2443 819 2504; x_wconf 86' lang='lat' dir='ltr'><strong>soliis</strong></span> <span class='ocrx_word' id='word_1_208' title='bbox 837 2445 911 2506; x_wconf 66' lang='lat'><strong>197¹</strong></span> <span class='ocrx_word' id='word_1_209' title='bbox 926 2443 962 2504; x_wconf 92' lang='lat' dir='ltr'><strong>ad</strong></span> <span class='ocrx_word' id='word_1_210' title='bbox 977 2444 1066 2504; x_wconf 86' lang='lat' dir='ltr'><strong>finem</strong></span> <span class='ocrx_word' id='word_1_211' title='bbox 1082 2443 1192 2505; x_wconf 89' lang='lat' dir='ltr'><strong>codicis</strong></span> <span class='ocrx_word' id='word_1_212' title='bbox 1208 2444 1287 2506; x_wconf 88' lang='lat' dir='ltr'><strong>Vati·</strong></span> 
     </span>
     <span class='ocr_line' id='line_1_27' title="bbox 208 2526 1286 2608; baseline 0.005 -21"><span class='ocrx_word' id='word_1_213' title='bbox 208 2526 392 2600; x_wconf 81' lang='lat' dir='ltr'><strong>cani17693</strong></span> <span class='ocrx_word' id='word_1_214' title='bbox 416 2528 556 2605; x_wconf 89' lang='lat' dir='ltr'><strong>leguntur</strong></span> <span class='ocrx_word' id='word_1_215' title='bbox 570 2528 602 2588; x_wconf 90' lang='lat' dir='ltr'><strong>in</strong></span> <span class='ocrx_word' id='word_1_216' title='bbox 624 2546 659 2588; x_wconf 92' lang='lat' dir='ltr'><strong>eo</strong></span> <span class='ocrx_word' id='word_1_217' title='bbox 675 2547 734 2589; x_wconf 94' lang='lat' dir='ltr'><strong>una</strong></span> <span class='ocrx_word' id='word_1_218' title='bbox 755 2546 845 2589; x_wconf 92' lang='lat' dir='ltr'><strong>manu</strong></span> <span class='ocrx_word' id='word_1_219' title='bbox 868 2527 977 2608; x_wconf 84' lang='lat' dir='ltr'><strong>scripta</strong></span> <span class='ocrx_word' id='word_1_220' title='bbox 992 2527 1167 2599; x_wconf 83' lang='lat' dir='ltr'><strong>Quintiliani</strong></span> <span class='ocrx_word' id='word_1_221' title='bbox 1190 2529 1286 2592; x_wconf 90' lang='lat' dir='ltr'><strong>decla·</strong></span> 
     </span>
     <span class='ocr_line' id='line_1_28' title="bbox 207 2611 1287 2693; baseline 0.004 -21"><span class='ocrx_word' id='word_1_222' title='bbox 207 2611 352 2672; x_wconf 82' lang='lat' dir='ltr'><strong>motiones</strong></span> <span class='ocrx_word' id='word_1_223' title='bbox 366 2611 400 2688; x_wconf 83' lang='lat' dir='ltr'><strong>(i.</strong></span> <span class='ocrx_word' id='word_1_224' title='bbox 420 2613 558 2689; x_wconf 76' lang='lat'><strong>1—48&#39;),</strong></span> <span class='ocrx_word' id='word_1_225' title='bbox 582 2614 712 2675; x_wconf 90' lang='lat' dir='ltr'><strong>Senecae</strong></span> <span class='ocrx_word' id='word_1_226' title='bbox 727 2631 816 2693; x_wconf 92' lang='lat' dir='ltr'><strong>opera</strong></span> <span class='ocrx_word' id='word_1_227' title='bbox 832 2611 1046 2693; x_wconf 90' lang='lat' dir='ltr'><strong>philosophica,</strong></span> <span class='ocrx_word' id='word_1_228' title='bbox 1070 2614 1191 2675; x_wconf 90' lang='lat' dir='ltr'><strong>insertis</strong></span> <span class='ocrx_word' id='word_1_229' title='bbox 1208 2613 1287 2676; x_wconf 91' lang='lat' dir='ltr'><strong>inter</strong></span> 
     </span>
     <span class='ocr_line' id='line_1_29' title="bbox 207 2696 1286 2775; baseline 0.005 -19"><span class='ocrx_word' id='word_1_230' title='bbox 207 2696 300 2757; x_wconf 88' lang='lat' dir='ltr'><strong>libros</strong></span> <span class='ocrx_word' id='word_1_231' title='bbox 315 2696 351 2756; x_wconf 90' lang='lat' dir='ltr'><strong>de</strong></span> <span class='ocrx_word' id='word_1_232' title='bbox 373 2696 558 2775; x_wconf 87' lang='lat' dir='ltr'><strong>providentia</strong></span> <span class='ocrx_word' id='word_1_233' title='bbox 579 2706 608 2757; x_wconf 87' lang='lat' dir='ltr'><strong>et</strong></span> <span class='ocrx_word' id='word_1_234' title='bbox 630 2697 666 2758; x_wconf 91' lang='lat' dir='ltr'><strong>do</strong></span> <span class='ocrx_word' id='word_1_235' title='bbox 685 2698 728 2759; x_wconf 88' lang='lat' dir='ltr'><strong>ira</strong></span> <span class='ocrx_word' id='word_1_236' title='bbox 750 2698 882 2759; x_wconf 89' lang='lat' dir='ltr'><strong>Senecae</strong></span> <span class='ocrx_word' id='word_1_237' title='bbox 904 2697 951 2759; x_wconf 85' lang='lat' dir='ltr'><strong>‘de</strong></span> <span class='ocrx_word' id='word_1_238' title='bbox 973 2697 1107 2759; x_wconf 87' lang='lat' dir='ltr'><strong>civilibus</strong></span> <span class='ocrx_word' id='word_1_239' title='bbox 1130 2699 1228 2760; x_wconf 87' lang='lat' dir='ltr'><strong>causis</strong></span> <span class='ocrx_word' id='word_1_240' title='bbox 1251 2699 1286 2761; x_wconf 91' lang='lat' dir='ltr'><strong>ad</strong></span> 
     </span>
     <span class='ocr_line' id='line_1_30' title="bbox 207 2779 1286 2862; baseline 0.006 -22"><span class='ocrx_word' id='word_1_241' title='bbox 207 2779 360 2841; x_wconf 84' lang='lat' dir='ltr'><strong>Novatum&#39;</strong></span> <span class='ocrx_word' id='word_1_242' title='bbox 375 2779 458 2841; x_wconf 91' lang='lat' dir='ltr'><strong>libris</strong></span> <span class='ocrx_word' id='word_1_243' title='bbox 472 2781 496 2841; x_wconf 91' lang='lat' dir='ltr'>X</span> <span class='ocrx_word' id='word_1_244' title='bbox 512 2782 545 2858; x_wconf 84' lang='lat' dir='ltr'><strong>(i.</strong></span> <span class='ocrx_word' id='word_1_245' title='bbox 562 2784 733 2856; x_wconf 68' lang='lat' dir='ltr'><strong>tto-80¹),</strong></span> <span class='ocrx_word' id='word_1_246' title='bbox 755 2783 919 2844; x_wconf 88' lang='lat' dir='ltr'><strong>sententiae</strong></span> <span class='ocrx_word' id='word_1_247' title='bbox 934 2782 1072 2856; x_wconf 85' lang='lat' dir='ltr'><strong>metricae</strong></span> <span class='ocrx_word' id='word_1_248' title='bbox 1089 2789 1119 2843; x_wconf 91' lang='lat' dir='ltr'><strong>et</strong></span> <span class='ocrx_word' id='word_1_249' title='bbox 1133 2783 1286 2862; x_wconf 85' lang='lat' dir='ltr'><strong>pedestres</strong></span> 
     </span>
     <span class='ocr_line' id='line_1_31' title="bbox 208 2865 1287 2945; baseline 0.006 -20"><span class='ocrx_word' id='word_1_250' title='bbox 208 2865 241 2942; x_wconf 86' lang='lat' dir='ltr'><strong>(i.</strong></span> <span class='ocrx_word' id='word_1_251' title='bbox 255 2865 463 2941; x_wconf 71' lang='lat' dir='ltr'><strong>192¹-l95&#39;l</strong></span> <span class='ocrx_word' id='word_1_252' title='bbox 479 2865 595 2928; x_wconf 87' lang='lat' dir='ltr'><strong>minora</strong></span> <span class='ocrx_word' id='word_1_253' title='bbox 610 2867 762 2945; x_wconf 84' lang='lat' dir='ltr'><strong>quaedam,</strong></span> <span class='ocrx_word' id='word_1_254' title='bbox 777 2867 955 2945; x_wconf 85' lang='lat' dir='ltr'><strong>tragoediae.</strong></span> <span class='ocrx_word' id='word_1_255' title='bbox 983 2867 1227 2930; x_wconf 90' lang='lat' dir='ltr'><strong>membranaceus</strong></span> <span class='ocrx_word' id='word_1_256' title='bbox 1243 2878 1287 2931; x_wconf 90' lang='lat' dir='ltr'><strong>est</strong></span> 
     </span>
     <span class='ocr_line' id='line_1_32' title="bbox 207 2948 1286 3030; baseline 0.006 -20"><span class='ocrx_word' id='word_1_257' title='bbox 207 2948 317 3010; x_wconf 90' lang='lat' dir='ltr'><strong>saeculi</strong></span> <span class='ocrx_word' id='word_1_258' title='bbox 332 2948 394 3008; x_wconf 88' lang='lat' dir='ltr'><strong>XIV</strong></span> <span class='ocrx_word' id='word_1_259' title='bbox 412 2950 523 3012; x_wconf 82' lang='lat' dir='ltr'><strong>formae</strong></span> <span class='ocrx_word' id='word_1_260' title='bbox 534 2950 680 3030; x_wconf 90' lang='lat' dir='ltr'><strong>oblongae</strong></span> <span class='ocrx_word' id='word_1_261' title='bbox 694 2951 834 3013; x_wconf 87' lang='lat' dir='ltr'><strong>foliorum</strong></span> <span class='ocrx_word' id='word_1_262' title='bbox 849 2953 911 3016; x_wconf 77' lang='lat'><strong>246</strong></span> <span class='ocrx_word' id='word_1_263' title='bbox 926 2952 1064 3013; x_wconf 91' lang='lat' dir='ltr'><strong>binarum</strong></span> <span class='ocrx_word' id='word_1_264' title='bbox 1080 2950 1286 3016; x_wconf 89' lang='lat' dir='ltr'><strong>columnarum</strong></span> 
     </span>
    </p>
   </div>
   <div class='ocr_carea' id='block_1_3' title="bbox 87 3029 1287 3116">
    <p class='ocr_par' dir='ltr' id='par_1_5' title="bbox 87 3029 1287 3116">
     <span class='ocr_line' id='line_1_33' title="bbox 87 3029 1287 3116; baseline 0.006 -23"><span class='ocrx_word' id='word_1_265' title='bbox 87 3029 89 3033; x_wconf 74' lang='grc'><strong>’</strong></span> <span class='ocrx_word' id='word_1_266' title='bbox 206 3037 421 3113; x_wconf 84' lang='lat' dir='ltr'><strong>sexagenorum</strong></span> <span class='ocrx_word' id='word_1_267' title='bbox 432 3033 572 3096; x_wconf 90' lang='lat' dir='ltr'><strong>hinorum</strong></span> <span class='ocrx_word' id='word_1_268' title='bbox 584 3054 732 3100; x_wconf 90' lang='lat' dir='ltr'><strong>versuum.</strong></span> <span class='ocrx_word' id='word_1_269' title='bbox 755 3036 787 3098; x_wconf 93' lang='lat' dir='ltr'><strong>in</strong></span> <span class='ocrx_word' id='word_1_270' title='bbox 800 3037 1018 3116; x_wconf 82' lang='lat' dir='ltr'><strong>tragoediarum</strong></span> <span class='ocrx_word' id='word_1_271' title='bbox 1034 3036 1138 3097; x_wconf 89' lang='lat' dir='ltr'><strong>ordine</strong></span> <span class='ocrx_word' id='word_1_272' title='bbox 1154 3039 1287 3100; x_wconf 91' lang='lat' dir='ltr'><strong>nomini·</strong></span> 
     </span>
    </p>
   </div>
   <div class='ocr_carea' id='block_1_4' title="bbox 205 3118 1287 3520">
    <p class='ocr_par' dir='ltr' id='par_1_6' title="bbox 205 3118 1287 3520">
     <span class='ocr_line' id='line_1_34' title="bbox 205 3118 1286 3201; baseline 0.006 -21"><span class='ocrx_word' id='word_1_273' title='bbox 205 3118 263 3181; x_wconf 91' lang='lat' dir='ltr'><strong>bus</strong></span> <span class='ocrx_word' id='word_1_274' title='bbox 279 3119 379 3198; x_wconf 91' lang='lat' dir='ltr'><strong>specie</strong></span> <span class='ocrx_word' id='word_1_275' title='bbox 394 3137 462 3179; x_wconf 91' lang='lat' dir='ltr'><strong>cum</strong></span> <span class='ocrx_word' id='word_1_276' title='bbox 478 3119 672 3193; x_wconf 73' lang='lat' dir='ltr'><strong>Ambrosiano</strong></span> <span class='ocrx_word' id='word_1_277' title='bbox 689 3122 851 3201; x_wconf 83' lang='lat' dir='ltr'><strong>conspirat,</strong></span> <span class='ocrx_word' id='word_1_278' title='bbox 870 3130 1077 3200; x_wconf 87' lang='lat' dir='ltr'><strong>praeterquam</strong></span> <span class='ocrx_word' id='word_1_279' title='bbox 1092 3121 1173 3199; x_wconf 91' lang='lat' dir='ltr'><strong>quod</strong></span> <span class='ocrx_word' id='word_1_280' title='bbox 1188 3120 1286 3186; x_wconf 90' lang='lat' dir='ltr'><strong>Phoe-</strong></span> 
     </span>
     <span class='ocr_line' id='line_1_35' title="bbox 206 3203 1286 3286; baseline 0.005 -22"><span class='ocrx_word' id='word_1_281' title='bbox 206 3204 303 3265; x_wconf 85' lang='lat' dir='ltr'><strong>nissas</strong></span> <span class='ocrx_word' id='word_1_282' title='bbox 324 3212 355 3264; x_wconf 85' lang='lat' dir='ltr'><strong>et</strong></span> <span class='ocrx_word' id='word_1_283' title='bbox 378 3203 481 3283; x_wconf 78' lang='lat' dir='ltr'><strong>Oedipi</strong></span> <span class='ocrx_word' id='word_1_284' title='bbox 508 3204 629 3266; x_wconf 91' lang='lat' dir='ltr'><strong>nomine</strong></span> <span class='ocrx_word' id='word_1_285' title='bbox 656 3205 794 3267; x_wconf 88' lang='lat' dir='ltr'><strong>inscribit</strong></span> <span class='ocrx_word' id='word_1_286' title='bbox 824 3212 854 3266; x_wconf 89' lang='lat' dir='ltr'><strong>et</strong></span> <span class='ocrx_word' id='word_1_287' title='bbox 881 3216 950 3286; x_wconf 90' lang='lat' dir='ltr'><strong>post</strong></span> <span class='ocrx_word' id='word_1_288' title='bbox 972 3205 1119 3285; x_wconf 87' lang='lat' dir='ltr'><strong>Oedipum</strong></span> <span class='ocrx_word' id='word_1_289' title='bbox 1149 3206 1286 3271; x_wconf 88' lang='lat' dir='ltr'><strong>collocat.</strong></span> 
     </span>
     <span class='ocr_line' id='line_1_36' title="bbox 205 3287 1287 3367; baseline 0.008 -19"><span class='ocrx_word' id='word_1_290' title='bbox 205 3287 399 3367; x_wconf 87' lang='lat' dir='ltr'><strong>interpolatae</strong></span> <span class='ocrx_word' id='word_1_291' title='bbox 414 3288 551 3350; x_wconf 90' lang='lat' dir='ltr'><strong>lectionis</strong></span> <span class='ocrx_word' id='word_1_292' title='bbox 562 3289 740 3352; x_wconf 83' lang='lat' dir='ltr'><strong>Phoenissae</strong></span> <span class='ocrx_word' id='word_1_293' title='bbox 756 3297 786 3352; x_wconf 90' lang='lat' dir='ltr'><strong>et</strong></span> <span class='ocrx_word' id='word_1_294' title='bbox 795 3290 938 3366; x_wconf 87' lang='lat' dir='ltr'><strong>Medeam,</strong></span> <span class='ocrx_word' id='word_1_295' title='bbox 953 3291 985 3351; x_wconf 95' lang='lat' dir='ltr'><strong>in</strong></span> <span class='ocrx_word' id='word_1_296' title='bbox 1000 3291 1060 3351; x_wconf 87' lang='lat' dir='ltr'><strong>fine</strong></span> <span class='ocrx_word' id='word_1_297' title='bbox 1074 3290 1287 3356; x_wconf 83' lang='lat' dir='ltr'><strong>adhaerentem</strong></span> 
     </span>
     <span class='ocr_line' id='line_1_37' title="bbox 205 3371 1287 3517; baseline 0.009 -85"><span class='ocrx_word' id='word_1_298' title='bbox 205 3371 295 3516; x_wconf 54' lang='lat' dir='ltr'><strong>gebat</strong></span> <span class='ocrx_word' id='word_1_299' title='bbox 316 3373 473 3517; x_wconf 59' lang='lat' dir='ltr'><strong>Octapiam.</strong></span> <span class='ocrx_word' id='word_1_300' title='bbox 511 3374 563 3436; x_wconf 89' lang='lat' dir='ltr'><strong>sed</strong></span> <span class='ocrx_word' id='word_1_301' title='bbox 585 3373 738 3437; x_wconf 88' lang='lat' dir='ltr'><strong>dubitandi</strong></span> <span class='ocrx_word' id='word_1_302' title='bbox 761 3375 971 3455; x_wconf 82' lang='lat' dir='ltr'><strong>spatiumnon</strong></span> <span class='ocrx_word' id='word_1_303' title='bbox 1001 3374 1138 3437; x_wconf 88' lang='lat' dir='ltr'><strong>concedit</strong></span> <span class='ocrx_word' id='word_1_304' title='bbox 1167 3384 1287 3458; x_wconf 88' lang='lat' dir='ltr'><strong>tragoe-</strong></span> 
     </span>
     <span class='ocr_line' id='line_1_38' title="bbox 226 3457 455 3520; baseline 0.017 -4"><span class='ocrx_word' id='word_1_305' title='bbox 226 3472 320 3518; x_wconf 91' lang='lat' dir='ltr'><strong>1arum</strong></span> <span class='ocrx_word' id='word_1_306' title='bbox 335 3457 391 3518; x_wconf 90' lang='lat' dir='ltr'><strong>titu</strong></span> <span class='ocrx_word' id='word_1_307' title='bbox 404 3478 455 3520; x_wconf 88' lang='lat' dir='ltr'><strong>us:</strong></span> 
     </span>
    </p>
   </div>
   <div class='ocr_carea' id='block_1_5' title="bbox 98 3539 1287 4042">
    <p class='ocr_par' dir='ltr' id='par_1_7' title="bbox 332 3539 1246 3855">
     <span class='ocr_line' id='line_1_39' title="bbox 334 3539 1154 3624; baseline 0.005 -24"><span class='ocrx_word' id='word_1_308' title='bbox 334 3539 430 3618; x_wconf 87' lang='lat' dir='ltr'><strong>Merej</strong></span> <span class='ocrx_word' id='word_1_309' title='bbox 442 3543 511 3606; x_wconf 79' lang='lat' dir='ltr'><strong>lotii</strong></span> <span class='ocrx_word' id='word_1_310' title='bbox 523 3547 612 3605; x_wconf 74' lang='lat' dir='ltr'><strong>occet·</strong></span> <span class='ocrx_word' id='word_1_311' title='bbox 623 3547 720 3618; x_wconf 79' lang='lat' dir='ltr'><strong>senece</strong></span> <span class='ocrx_word' id='word_1_312' title='bbox 734 3546 860 3624; x_wconf 73' lang='lat' dir='ltr'><strong>tragedie</strong></span> <span class='ocrx_word' id='word_1_313' title='bbox 875 3563 987 3607; x_wconf 74' lang='lat' dir='ltr'><strong>novem</strong></span> <span class='ocrx_word' id='word_1_314' title='bbox 1019 3541 1154 3605; x_wconf 71' lang='lat' dir='ltr'><strong>ducales.</strong></span> 
     </span>
     <span class='ocr_line' id='line_1_40' title="bbox 333 3626 1246 3711; baseline 0.009 -24"><span class='ocrx_word' id='word_1_315' title='bbox 333 3626 453 3688; x_wconf 78' lang='lat' dir='ltr'><strong>troaden</strong></span> <span class='ocrx_word' id='word_1_316' title='bbox 476 3628 611 3708; x_wconf 81' lang='lat' dir='ltr'><strong>phenisoo</strong></span> <span class='ocrx_word' id='word_1_317' title='bbox 625 3630 732 3692; x_wconf 85' lang='lat' dir='ltr'><strong>medea.</strong></span> <span class='ocrx_word' id='word_1_318' title='bbox 759 3629 897 3711; x_wconf 82' lang='lat' dir='ltr'><strong>phaedro.</strong></span> <span class='ocrx_word' id='word_1_319' title='bbox 924 3629 1050 3707; x_wconf 74' lang='lat' dir='ltr'><strong>oedipus.</strong></span> <span class='ocrx_word' id='word_1_320' title='bbox 1079 3646 1246 3707; x_wconf 75' lang='lat' dir='ltr'><strong>agemeuoo</strong></span> 
     </span>
     <span class='ocr_line' id='line_1_41' title="bbox 332 3708 1092 3855; baseline 0.004 -85"><span class='ocrx_word' id='word_1_321' title='bbox 332 3708 453 3855; x_wconf 52' lang='lat' dir='ltr'><strong>mes.</strong></span> <span class='ocrx_word' id='word_1_322' title='bbox 482 3711 618 3776; x_wconf 82' lang='lat' dir='ltr'><strong>hercules.</strong></span> <span class='ocrx_word' id='word_1_323' title='bbox 652 3719 772 3777; x_wconf 77' lang='lat' dir='ltr'><strong>octavio.</strong></span> <span class='ocrx_word' id='word_1_324' title='bbox 804 3713 926 3793; x_wconf 78' lang='lat' dir='ltr'><strong>feliciter</strong></span> <span class='ocrx_word' id='word_1_325' title='bbox 940 3716 1092 3792; x_wconf 74' lang='lat' dir='ltr'><strong>inceptant.</strong></span> 
     </span>
    </p>

    <p class='ocr_par' dir='ltr' id='par_1_8' title="bbox 98 3878 1287 4042">
     <span class='ocr_line' id='line_1_42' title="bbox 98 3878 1287 3960; baseline 0.01 -22"><span class='ocrx_word' id='word_1_326' title='bbox 98 3881 102 3888; x_wconf 89' lang='lat'><em>&#39;</em></span> <span class='ocrx_word' id='word_1_327' title='bbox 203 3894 267 3940; x_wconf 87' lang='lat' dir='ltr'><strong>non</strong></span> <span class='ocrx_word' id='word_1_328' title='bbox 283 3879 462 3959; x_wconf 84' lang='lat' dir='ltr'><strong>computavit</strong></span> <span class='ocrx_word' id='word_1_329' title='bbox 481 3878 620 3942; x_wconf 89' lang='lat' dir='ltr'><strong>librarius</strong></span> <span class='ocrx_word' id='word_1_330' title='bbox 643 3882 778 3944; x_wconf 88' lang='lat' dir='ltr'><strong>nomina:</strong></span> <span class='ocrx_word' id='word_1_331' title='bbox 802 3897 870 3943; x_wconf 90' lang='lat' dir='ltr'><strong>nam</strong></span> <span class='ocrx_word' id='word_1_332' title='bbox 892 3882 994 3943; x_wconf 88' lang='lat' dir='ltr'><strong>decem</strong></span> <span class='ocrx_word' id='word_1_333' title='bbox 1016 3889 1096 3943; x_wconf 86' lang='lat' dir='ltr'><strong>sunt.</strong></span> <span class='ocrx_word' id='word_1_334' title='bbox 1132 3885 1287 3960; x_wconf 87' lang='lat' dir='ltr'><strong>genuinu</strong></span> 
     </span>
     <span class='ocr_line' id='line_1_43' title="bbox 196 3963 1282 4042; baseline 0.004 -21"><span class='ocrx_word' id='word_1_335' title='bbox 196 3963 297 4038; x_wconf 56' lang='lat' dir='ltr'><strong>gitur</strong></span> <span class='ocrx_word' id='word_1_336' title='bbox 313 3982 461 4027; x_wconf 87' lang='lat' dir='ltr'><strong>numerus</strong></span> <span class='ocrx_word' id='word_1_337' title='bbox 484 3974 544 4042; x_wconf 86' lang='lat' dir='ltr'><strong>est,</strong></span> <span class='ocrx_word' id='word_1_338' title='bbox 575 3984 637 4027; x_wconf 92' lang='lat' dir='ltr'><strong>non</strong></span> <span class='ocrx_word' id='word_1_339' title='bbox 659 3975 789 4031; x_wconf 88' lang='lat' dir='ltr'><strong>mutatus</strong></span> <span class='ocrx_word' id='word_1_340' title='bbox 811 3965 923 4029; x_wconf 87' lang='lat' dir='ltr'><strong>adiecta</strong></span> <span class='ocrx_word' id='word_1_341' title='bbox 946 3965 1073 4027; x_wconf 82' lang='lat' dir='ltr'><strong>Octavia.</strong></span> <span class='ocrx_word' id='word_1_342' title='bbox 1116 3967 1282 4035; x_wconf 61' lang='lat' dir='ltr'><strong>adscribat.</strong></span> 
     </span>
    </p>
   </div>
   <div class='ocr_carea' id='block_1_6' title="bbox 0 0 1294 4366">
    <p class='ocr_par' dir='ltr' id='par_1_9' title="bbox 0 0 1294 4366">
     <span class='ocr_line' id='line_1_44' title="bbox 0 0 1294 4366; baseline 0 3"><span class='ocrx_word' id='word_1_343' title='bbox 0 0 1294 4366; x_wconf 95' lang='lat' dir='ltr'><strong> </strong></span> 
     </span>
    </p>
   </div>
  </div>
 </body>
</html>
