2580 4366
88 264 95 273 ·
151 237 211 299 114
533 255 561 297 ι.
584 251 690 299 anunm
711 255 839 299 sennenn

148 422 209 484 quo
231 404 350 484 pondus
373 405 464 467 animi
484 413 601 484 vergat,
625 405 677 467 ubi
698 416 791 486 ponat
811 407 916 484 minas

148 489 265 552 haeret:
289 489 419 552 minatur
441 500 554 553 aestuat
575 490 710 569 queritur
732 491 831 570 gemit.

148 573 200 637 ubi
223 593 255 636 se
277 573 333 636 iste
353 576 463 638 fluctus
483 573 620 654 franget?
643 577 771 638 exundat
792 578 884 639 furor.

149 677 212 721 non
234 659 320 721 facile
341 679 442 722 secum
465 669 561 723 versat
583 668 634 721 aut
655 662 786 723 medium
808 663 921 738 scelus3

149 762 182 807 se
204 743 316 806 vinoet:
340 745 401 808 irae
424 746 561 807 novimus
582 747 689 808 veteris
712 754 806 808 notas.

148 846 290 908 magnum
311 830 422 911 aliquid
445 831 551 906 instat,
575 831 698 892 efferum
720 831 848 894 immane
870 832 1011 913 impium:

147 914 262 977 vultum
284 916 395 977 luroris
418 935 519 978 cerno.
563 915 592 977 di
615 916 717 979 fallant
739 917 867 979 metum!

480 1067 612 1129 MEDEA

235 1169 267 1231 Si
290 1170 408 1249 quaeris
430 1170 514 1246 odio,
528 1171 659 1246 misera,
684 1189 772 1250 quem
795 1178 905 1234 statuas
926 1171 1063 1234 modum:

149 1253 263 1316 imitare
285 1273 425 1317 amorem.
470 1253 566 1334 regias
589 1254 684 1333 egone
707 1263 741 1316 ut
762 1256 841 1319 iaces

148 1339 242 1402 inulta
264 1338 381 1419 patiar?
404 1339 505 1418 segnis
526 1340 576 1401 hic
597 1339 651 1401 ibit
673 1339 746 1414 dies,

148 1432 230 1487 tanto
253 1425 364 1505 petitus
386 1425 514 1498 ambitu,
537 1432 619 1486 tanto
642 1423 750 1487 datus?

149 1509 219 1571 dum
241 1519 319 1572 terra
343 1509 457 1573 caelum
480 1510 575 1571 media
596 1510 834 1581 libratum.‚,leret

148 1595 321 1675 nitidusque
343 1603 438 1658 certas
459 1595 591 1657 mundus
613 1595 724 1657 evolvet
745 1596 824 1656 vices

66 1706 69 1711 ²
148 1699 353 1759 numerusque
375 1679 495 1743 harenis
518 1681 593 1741 derit
616 1688 645 1743 et
666 1681 759 1742 solem
782 1680 855 1755 dies,

148 1774 266 1828 noctem
289 1775 454 1845 sequentur
475 1774 569 1840 astra,
592 1765 662 1827 dum
685 1765 779 1826 siccas
801 1764 889 1845 polus

146 1850 275 1913 versabit
296 1852 417 1927 Arctos,
440 1851 562 1911 flumina
584 1851 615 1912 in
638 1858 764 1929 pontum
787 1850 902 1927 cadent,

147 1954 311 2016 numquam
333 1932 418 1997 meus
440 1935 566 1999 cessabit
587 1935 619 1996 in
641 1953 753 2013 poenas
774 1936 861 1996 furor

148 2031 321 2100 crescetque
342 2039 462 2100 semper
483 2053 524 2065 —
546 2038 622 2099 quae
643 2022 773 2081 ferarum
799 2018 976 2096 immanitas,

149 2125 226 2186 quae
248 2105 360 2186 Scylla,
383 2124 458 2185 quae
482 2105 641 2186 Charybdis
664 2105 829 2167 Ausonium
853 2123 933 2166 mare
975 2109 981 2115 '

150 2190 344 2270 Siculumque
367 2190 493 2252 sorbens
516 2208 626 2275 quaeve
647 2188 835 2252 anhelantem
859 2207 999 2270 premens

149 2275 254 2337 Titana
276 2274 365 2338 tantis
389 2277 482 2337 Aetna
504 2273 630 2336 fervebit
650 2271 788 2337 minis?-

149 2379 212 2421 non
234 2360 355 2440 rapidus
378 2360 488 2434 amnh,
511 2378 572 2420 non
595 2359 796 2439 procellosum
817 2377 901 2421 mare

147 2444 297 2507 Pontusve
320 2462 390 2506 coro
413 2463 516 2507 saevus
539 2454 589 2506 aut
610 2444 653 2505 vis
674 2443 788 2524 ignium

149 2529 247 2592 adiuta
268 2530 340 2591 flatu
363 2530 457 2610 possit
479 2529 587 2591 imitari
609 2529 752 2610 impetum

149 2615 268 2694 irasque
291 2621 423 2675 nostras:
446 2625 577 2676 sternam
599 2624 628 2677 et
651 2622 777 2676 evertam
801 2611 910 2674 omnia.

235 2699 347 2760 Timuit
369 2699 525 2761 Creontem
548 2716 582 2760 ac
603 2698 679 2760 bella
700 2697 862 2760 Thessalici
884 2693 990 2758 ducis?

149 2802 232 2850 amor
254 2784 358 2845 timere
379 2783 531 2845 neminem
552 2800 642 2845 verus
663 2790 772 2862 potest.

150 2870 202 2933 sed
224 2868 346 2932 cesserit
368 2876 488 2930 coactus
511 2876 540 2930 et
561 2867 675 2930 dederit
695 2885 817 2928 manus:
863 2916 866 2920 ,

150 2956 231 3019 adire
254 2962 334 3016 certe
356 2964 386 3017 et
409 2952 567 3032 coniugem
590 2962 720 3014 extremo
743 2949 854 3031 alloqui

150 3058 288 3104 sermone
310 3039 408 3119 potuit
428 3071 471 3083 -
493 3038 550 3099 boc
573 3055 693 3117 quoque
715 3034 972 3108 extimuit-seron

150 3126 247 3188 laxare
269 3133 348 3186 certe
369 3131 487 3203 tempus
509 3122 630 3185 immitis
651 3123 739 3202 fugae

151 3228 262 3291 genero
285 3209 390 3271 licebat
408 3243 450 3254 —
471 3207 573 3270 liberis
595 3226 675 3269 nnus
697 3206 759 3268 dies

151 3297 237 3360 datus
259 3302 304 3358 est
326 3293 451 3355 duobus.
496 3302 693 3372 non'queror
713 3299 832 3370 tempus
854 3287 957 3350 breve:

151 3381 277 3444 multum
299 3377 421 3460 patebit.
465 3377 553 3440 faciet
573 3378 622 3439 hio
645 3377 731 3439 iaoiet
753 3375 817 3437 dies

151 3468 232 3546 quod
255 3465 356 3528 nullus
379 3481 519 3543 umquam
543 3469 638 3525 taceat
659 3497 702 3508 -
723 3460 857 3523 invadam
879 3458 951 3520 deos

152 3561 181 3612 et
203 3558 310 3613 cuncta
331 3549 469 3629 quatiam.
535 3566 619 3609 nvvn.
653 3547 763 3627 Recipe
785 3545 935 3608 turbatum
957 3540 1052 3630 malis,
1183 3553 1235 3605 tto

238 3718 285 3770 391
306 3731 357 3783 quo
375 3715 476 3782 pondus
499 3714 567 3768 istud
585 3714 691 3783 verget?
714 3712 758 3765 ubi
778 3716 858 3779 ponet
874 3709 956 3762 minas
971 3710 996 3761 A
1065 3709 1117 3761 ³90
1135 3713 1162 3759 ct
1177 3710 1228 3789 391

152 3787 315 3837 commutavi
365 3786 415 3837 394
425 3798 453 3836 se
461 3783 544 3851 iungit
552 3781 774 3836 m-veteresA
818 3777 1028 3856 398emitereb'·
1062 3778 1113 3856 ⁴⁰⁸.
1131 3776 1231 3829 lonium

152 3868 222 3905 mare
238 3853 264 3903 A
315 3855 365 3904 409
383 3866 501 3920 quaeque
517 3853 542 3903 A
593 3854 644 3904 412
662 3853 808 3919 pontusque
824 3847 850 3899 A
908 3849 958 3900 413
976 3844 1091 3896 inhibere
1104 3851 1230 3911 impeturn

147 3920 224 3973 codd.
245 3922 358 3974 correxi
408 3924 457 3974 tlt
471 3920 603 3972 convictus
621 3920 646 3970 A
697 3918 748 3972 418
768 3931 790 3969 e.
809 3915 841 3981 c]
857 3915 990 3982 coniugem
1003 3916 1029 3965 et
1044 3912 1069 3963 E
1120 3914 1171 3966 422
1189 3919 1235 3966 cst

135 4006 188 4044 om.
207 3991 241 4044 A
309 3992 362 4047 423
380 3989 398 4046 f.
418 3989 455 4057 d]
474 3989 530 4046 dies
548 3986 666 4044 iucietld
730 3985 782 4039 lm
796 3982 872 4037 deos:
889 3997 904 4036 e
921 3999 956 4035 eo
971 3983 981 4034 i
997 3981 1058 4034 2m.
1076 3979 1102 4031 Ε
