2580 4366
570 241 700 284 TROADES

96 406 306 468 summumque
328 389 435 452 Troiae
456 391 557 466 funus
581 411 598 452 o
622 392 753 453 llanaum
776 393 874 470 timor,

97 473 256 553 genetricis
280 493 297 534 o
320 493 389 555 spes
411 494 493 551 vana,
516 477 564 538 cui
587 477 709 539 demens
732 495 786 556 ego

96 559 199 621 laudes
221 560 353 639 parentis
374 559 505 635 bellicas,
528 579 624 622 annos
646 563 690 622 avi

96 644 113 706 't
135 645 247 705 medios
269 644 422 724 precabar,
439 652 510 706 ‚vota
531 645 665 707 destituit
686 646 768 709 deus.

95 728 183 790 Iliaca
206 748 267 790 non
290 737 322 789 tu
345 738 462 809 sceptra
485 730 576 808 regali
599 738 706 810 potens

95 812 225 894 gestabis
247 813 322 888 aula,
345 813 409 875 iura
434 833 489 876 nec
511 815 631 895 populis
653 815 736 876 dabis

94 898 246 976 victasque
268 906 372 977 gentes
394 899 450 960 sub
472 907 558 961 tuum
579 900 679 961 mittes
700 901 813 979 iugum,

96 1001 158 1044 non
181 983 267 1045 Graia
289 983 393 1045 caedes
414 992 506 1063 terga,
529 1003 591 1046 non
614 984 761 1064 Pyrrhum
783 986 898 1061 trahes3

96 1086 158 1128 non
180 1085 259 1128 arma
282 1075 383 1129 tenera
405 1087 493 1148 parva
515 1069 653 1131 tractabis
675 1088 765 1131 manu

96 1169 273 1232 sparsasque
295 1152 404 1231 passim
426 1153 549 1216 saltibus
571 1154 638 1215 latis
659 1154 737 1216 ieras

95 1237 190 1299 audax
212 1237 347 1316 sequeris
369 1256 426 1300 nec
447 1247 523 1301 stato
545 1239 631 1300 lustri
654 1239 710 1317 die,

96 1322 228 1383 solemne
249 1323 382 1383 referens
404 1322 503 1383 Troici
525 1323 609 1384 lusus
634 1341 761 1401 sacrum,

95 1426 172 1488 puer
194 1407 296 1469 citatas
319 1407 427 1468 nobilis
450 1416 562 1469 turmas
584 1426 670 1487 ages3

96 1510 157 1553 nou
180 1491 258 1553 inter
279 1510 344 1553 aras
366 1491 468 1552 mobili
490 1492 574 1553 velox
596 1493 682 1573 pede,

95 1576 237 1638 reboante
258 1577 333 1637 tlexo
357 1577 490 1638 concitos
512 1595 608 1638 cornu
630 1577 744 1650 modos,

95 1660 246 1722 barbarica
268 1662 367 1741 prisco
391 1662 498 1740 templa
521 1662 628 1724 saltatu
651 1662 740 1722 coles.

95 1764 114 1806 o
136 1745 228 1807 Marte
252 1746 316 1806 diro
338 1746 453 1808 tristius
474 1747 524 1807 leti
548 1746 659 1826 genusl

94 1830 223 1891 debilius
245 1830 356 1910 aliquid
378 1831 513 1892 Hectoris
535 1831 635 1910 magni
657 1847 730 1890 nece

94 1914 174 1976 muri
194 1914 344 1977 ridebunt.
406 1934 481 1975 rcrx.
526 1915 642 1995 Rumpe
665 1914 722 1975 iam
743 1915 841 1990 fletus,
863 1931 988 1993 parens:

95 2018 221 2078 magnus
243 2000 299 2060 sibi
322 2000 386 2080 ipse
410 2018 470 2061 non
493 2000 563 2061 facit
583 2001 674 2061 finem
696 1998 789 2059 dolor.

95 2103 181 2145 mnu.
224 2083 377 2158 Lacrimis,
399 2083 491 2159 Vlixe,
514 2103 603 2165 parva
625 2101 713 2164 quam
735 2083 864 2163 petimus
885 2099 968 2143 mora
991 2091 1050 2156 est;

96 2169 228 2230 concede
249 2188 367 2248 paucas,
391 2177 423 2230 ut
445 2188 509 2232 mea
533 2170 657 2231 condam
678 2187 769 2230 manu

94 2253 218 2314 viventis
240 2255 352 2315 oculos.
398 2255 508 2316 occidis
529 2273 638 2334 parvus
660 2254 790 2333 quidem,

94 2339 147 2400 sed
170 2339 226 2398 iam
248 2339 407 2400 timendus.
451 2339 539 2401 Troia
561 2348 591 2401 te
613 2345 747 2419 expectat
768 2348 833 2400 tua:
1124 2344 1170 2396 799

95 2424 115 2498 i,
138 2423 209 2484 vade
232 2422 316 2498 liber,
340 2422 450 2484 liberos
472 2424 565 2486 Troas
586 2424 662 2484 ride.

95 2526 212 2568 rsrxxu.
256 2507 407 2582 Miserere,
428 2518 531 2571 mater.
596 2527 682 2569 sunu.
727 2507 804 2578 Quid
826 2524 908 2568 meos
929 2505 1041 2567 retines
1063 2504 1148 2565 sinus

94 2610 260 2671 manusque
282 2593 383 2653 matris
406 2611 486 2654 cassa
508 2593 654 2673 praesidia
676 2589 827 2673 occupas?

94 2677 214 2738 lremitu
237 2677 332 2737 leonis
356 2677 450 2755 qualis
472 2678 571 2739 audito
593 2687 679 2739 tener

94 2762 230 2824 timidum
253 2763 396 2822 iuvencus
417 2761 546 2841 applicat
566 2762 653 2824 matri
678 2763 766 2836 latus,
791 2779 795 2787 ’
1124 2765 1169 2816 795

95 2857 125 2909 at
148 2847 197 2908 ille
220 2865 325 2907 saevus
347 2855 439 2907 matre
462 2858 606 2908 summota
627 2847 675 2907 leo

94 2931 233 3011 praedam
255 2931 403 2992 minorem
425 2931 574 2992 morsibus
595 2931 684 2993 vastis
705 2938 811 2990 teneus

95 3016 206 3094 frangit
226 3015 381 3095 vehitque:
411 3015 476 3077 talis
498 3035 514 3077 e
537 3025 639 3077 nostro
662 3015 729 3075 sinu

94 3109 124 3162 te
146 3101 241 3180 rapiet
263 3100 366 3161 hostis.
411 3101 511 3161 oscula
534 3109 564 3162 et
585 3102 682 3174 fletus,
704 3114 789 3179 puer,

94 3184 268 3265 lacerosque
290 3185 388 3246 crines
410 3185 513 3266 excipe
535 3194 564 3246 et
587 3184 694 3264 plenus
717 3181 776 3242 mei

96 3288 220 3330 occurre
241 3269 335 3348 patri;
365 3288 459 3349 pauca
480 3278 630 3331 maternae
653 3277 751 3330 tamen

95 3355 194 3434 perier
217 3355 353 3434 querelae
375 3353 477 3415 verba:
500 3354 536 3414 ‘si
558 3371 661 3414 manes
682 3350 793 3412 habent

96 3457 182 3501 ouras
204 3439 320 3519 priores
344 3457 399 3500 uec
420 3439 498 3518 perit
520 3438 644 3499 dammis
668 3453 761 3509 amor,

181 3626 230 3676 769
254 3637 335 3675 annos
358 3623 435 3687 atque
454 3620 478 3671 tl
564 3621 614 3671 779
637 3619 740 3669 conieci
760 3615 838 3668 toties
860 3627 928 3681 prec.
1014 3615 1064 3666 778
1085 3611 1170 3665 Troici

94 3690 167 3743 lustri
190 3706 211 3743 s.
230 3692 255 3741 A
341 3692 390 3742 781
414 3691 552 3740 revocante
575 3685 653 3738 codd.
672 3687 794 3737 correxit
814 3681 1027 3734 Hemrterlucius
1050 3681 1087 3732 ad
1104 3681 1169 3733 Luc.

95 3759 160 3811 dial.
171 3760 242 3812 deor.
253 3760 287 3811 12
340 3759 389 3810 782
407 3756 513 3808 barbara
523 3755 548 3806 u
597 3755 649 3806 783
665 3756 747 3805 morte
760 3752 813 3804 dira
826 3750 902 3802 codd.
911 3752 1032 3801 commit
1041 3751 1169 3816 Poiporur

95 3829 146 3881 786
162 3827 213 3893 ipsi
230 3827 255 3877 A
324 3828 373 3879 788
393 3823 519 3889 concede,
542 3821 676 3890 parvosA
746 3817 973 3874 '189viventes1t'
1042 3819 1089 3871 tot
1108 3821 1170 3884 port

94 3895 105 3946 l
124 3912 191 3947 orca.
210 3910 224 3946 e
241 3894 284 3945 val
299 3894 308 3944 i
327 3893 477 3947 E..-vade
494 3906 557 3961 puer
574 3891 591 3944 l.
605 3888 694 3942 'l'roias
711 3889 774 3942 nd
843 3889 891 3941 797
911 3886 991 3939 vastis
1008 3899 1126 3955 premens
1143 3883 1169 3935 A

95 3966 146 4016 799
163 3967 189 4014 te
207 3963 288 4029 pariet
305 3961 330 4012 Ε

933 4055 966 4110 5*
