2580 4366
460 214 498 257 me
520 214 622 258 conica
644 214 779 258 mavsee.
1113 205 1150 264 41

119 363 172 424 erim
190 365 272 426 hahet
292 367 342 427 aed
355 364 487 428 Phoebeie
508 369 605 443 anneta
623 375 730 444 peteres.
760 365 885 426 fortasse
900 374 969 445 post
983 369 1046 433 685
1062 369 1154 430 inter-

118 447 165 509 eidit
181 449 340 511 versiculus
362 449 413 527 qui
436 450 512 510 hane
534 451 596 509 lere
617 449 794 531 sententiam
817 450 1011 512 continuerit:

345 528 491 617 [praeceps
513 537 607 594 miens
628 521 726 611 fertur
746 534 799 595 leel
785 530 887 618 daniel.

142 615 257 681 110750
280 616 396 697 Hylle'
388 637 419 680 m
435 618 547 691 Edam,
570 619 649 697 quod
665 617 779 697 pridem
794 618 894 697 Lipsie
910 630 1030 680 auetere
1044 620 1153 682 laetum

114 709 144 760 eat
158 720 238 781 supra
259 703 374 764 monui.
417 703 486 764 item
510 704 572 765 752
594 700 747 763 Deianirae
768 721 889 765 rursum
909 705 1089 782 adsignatur.

172 804 194 846 v.
208 787 270 850 973
293 791 439 849 eeaa‘teree
458 785 580 849 Hercule
599 783 603 862 Ι
623 786 677 847 len
697 786 765 849 eills
785 791 840 850 ieta
863 799 913 849 eet.
956 788 1154 868 corruptelam

112 868 200 944 quiden
223 889 282 950 qua
304 873 366 933 974
389 869 502 931 laborat
523 871 589 946 (laem
605 871 657 932 elle
671 874 763 945 sistat)
779 872 875 933 attulit
888 872 1022 947 Peterus‚
1045 873 1154 952 prieris

111 954 318 1016 emendationem
340 955 483 1034 neglexit:
505 959 635 1017 cerdera
656 954 790 1017 Hercule.
829 957 909 1035 quod
931 956 1018 1019 habet
1038 958 1096 1018 iam
1118 977 1154 1019 ex

110 1039 263 1113 coniectura,
285 1048 320 1100 ut
340 1040 465 1114 videtur,
488 1041 637 1101 drantius.

170 1142 192 1184 r.
216 1126 296 1188 1361
327 1123 449 1186 edeam
476 1128 540 1203 ipae
560 1124 643 1203 pella
663 1121 726 1185 est?
759 1125 886 1186 meanlra
912 1126 1023 1186 nudata
1045 1129 1154 1188 intuor.

107 1202 206 1269 lenies
227 1209 357 1270 correxit
379 1215 434 1270 a'eta
456 1208 561 1269 merito
584 1208 766 1269 adsentiente
788 1208 926 1270 Etrusco
994 1240 997 1247 ·

168 1312 191 1354 r.
217 1295 298 1356 1629
320 1293 453 1374 eltraqee
474 1305 547 1355 totas
564 1297 690 1373 perrtyit
710 1311 807 1355 remos
829 1313 929 1357 nemus

107 1372 182 1438 eiad.
211 1377 451 1456 Raphelengiua:
474 1388 629 1440 tetum—
586 1395 760 1438 -nemate
793 1378 907 1439 redd:
928 1377 1062 1458 ultraque
1080 1388 1154 1439 totos

102 1465 202 1541 remed
222 1481 322 1526 ramea
342 1481 455 1524 meana

169 1564 192 1607 r
216 1548 298 1611 1780
319 1547 391 1628 qaid
408 1550 514 1608 misere
536 1547 625 1608 derne
644 1544 728 1609 veta?
761 1546 831 1626 quid
850 1547 940 1608 lacem
960 1504 1154 1609 tenulorem?

107 1626 188 1704 aie13
180 1631 354 1693 Etruscus
375 1633 443 1711 quid
464 1631 555 1693 lenem
575 1629 674 1693 tenea?

169 1799 238 1862 haee
265 1800 330 1862 fere
352 1807 423 1861 eunt
444 1817 519 1877 quae
540 1798 577 1860 de
599 1799 710 1877 optime
733 1798 834 1858 codiee
855 1799 1074 1878 praemonenda
1096 1817 1153 1878 pu·
1234 1855 1238 1862 .

108 1881 156 1942 ad.
191 1885 300 1963 quihus
324 1883 465 1964 expositis
487 1882 516 1944 id
539 1893 618 1945 eerte
640 1891 820 1945 nomenatus
841 1901 899 1942 ere
915 1891 949 1944 ut
970 1883 1005 1943 in
1024 1883 1153 1944 editione

110 1963 248 2031 demenda
277 1988 310 2031 ea
337 1969 541 2031 tantummodo
569 1967 702 2047 prolerre
731 1966 851 2029 debeam
880 1985 956 2047 quae
984 1968 1020 2029 ad
1048 1985 1153 2029 reeen-

111 2047 196 2113 tienem
223 2071 256 2115 re
283 2071 352 2114 vera
380 2054 521 2130 attinent,
547 2053 615 2113 fidei
644 2071 732 2131 quam
762 2053 817 2113 viri
839 2053 918 2115 docti
940 2052 1056 2114 schedis
1078 2056 1153 2114 meis

112 2129 211 2198 latinii·
233 2139 293 2200 sint
315 2156 449 2200 securus
