2580 4366
122 201 182 260 110
392 215 430 258 nn
452 213 675 257 miransronvu
696 212 913 257 courosrurorrn.

118 367 283 439 statuimus,
305 365 492 425 manifestum
515 371 560 425 est
581 363 780 425 difficultatem
803 382 890 443 quam
912 363 944 424 in
962 372 1194 445 anapaestorum

118 451 260 530 synaphia
282 467 386 528 parurn
409 449 561 510 observata
583 448 667 508 sitam
690 467 755 508 esse
775 449 915 523 creditur,
937 448 1036 529 aliqua
1053 469 1092 511 ex
1107 462 1196 531 parte

117 535 216 596 levari.
261 534 313 596 sed
341 533 442 611 negari
471 552 532 595 non
562 540 660 612 potest
687 535 916 610 Agamemnonis
940 542 1093 596 auctorem
1116 552 1195 597 eon

118 619 241 697 reliquis
264 619 432 697 discrepare
454 618 534 696 quod
549 618 660 678 hiatum
675 619 707 677 in
722 617 830 697 syllaba
845 618 969 698 ancipiti
983 619 1040 680 sibi
1055 618 1194 682 indulsit

117 703 146 763 id
169 705 194 764 si
209 705 339 765 Senecae
359 720 489 780 aevoque
506 703 570 763 eius
584 701 710 763 adscribi
725 721 849 781 prorsus
864 721 925 764 non
940 721 1029 783 posse
1044 704 1196 784 opineris,

116 806 220 848 vereor
243 807 281 849 ne
301 787 420 848 fallaris.
462 786 570 847 etenim
593 788 624 847 in
647 786 906 866 apocolccynthosi
928 788 1015 867 plane
1038 788 1119 850 idem
1140 807 1194 850 ao·

91 911 94 917 ·
117 871 202 946 cidit,
232 872 264 933 in
292 872 352 932 fine
373 871 492 950 quidem
514 870 693 944 sententiae;
722 871 773 932 sed
796 872 939 934 Senecam
961 872 990 933 id
1013 891 1136 952 quoque
1158 874 1193 941 in

116 956 239 1035 reliquis
260 957 365 1017 vitasse
386 955 527 1015 vidimus:
550 974 634 1034 apoc.
659 959 708 1031 12,
731 959 751 1017 4

319 1084 373 1144 quo
395 1083 456 1125 reon
477 1064 552 1125 nlius
572 1065 633 1142 fuit
655 1068 687 1124 in
709 1076 764 1126 toto

319 1151 427 1227 fortior
448 1149 522 1210 orde.
566 1149 615 1210 ille
637 1153 722 1211 cr'toto

318 1237 429 1295 vincere
451 1251 537 1294 eursu
555 1245 668 1313 potunt
690 1233 798 1294 celeres.

115 1353 292 1414 quamquam
315 1352 376 1394 non
399 1335 501 1395 eodem
523 1334 610 1394 modo
633 1335 664 1394 in
686 1334 773 1395 satira
796 1352 854 1413 quo
878 1333 909 1394 in
934 1335 1095 1414 tragoediis
1117 1355 1190 1399 ana-

114 1429 231 1499 paestos
262 1418 441 1497 compositos
469 1436 534 1479 esse
562 1419 646 1480 facile
675 1436 826 1497 agnoscas.
870 1418 901 1478 in
924 1420 1127 1498 quibuscum
1149 1442 1190 1484 ne

114 1504 178 1565 seni
208 1503 326 1582 quidem
355 1503 479 1581 spondei
506 1521 630 1581 usquam
654 1522 686 1563 se
708 1503 872 1582 excipiant,
903 1506 1039 1582 quaterni
1060 1524 1187 1586 perraro

113 1592 149 1664 (v.
173 1608 197 1648 s.
221 1586 328 1647 Phaed.
352 1587 435 1662 343),
458 1586 506 1646 hie
529 1587 629 1648 decem
652 1605 713 1647 uno
736 1595 841 1648 tenore
863 1588 1041 1652 decurrunt:

251 1699 288 1759 21
314 1715 374 1758 unu
395 1708 508 1758 tanton
527 1706 612 1776 purte
633 1699 742 1772 audita,

315 1801 396 1862 scope
417 1792 443 1843 et
464 1793 584 1843 centro:
613 1786 675 1864 qais
696 1800 773 1844 nuno
793 1782 882 1843 iudeo

317 1877 373 1928 toto
397 1867 459 1929 lites
482 1868 591 1942 (audiet
612 1864 736 1941 annal).

111 1976 262 2047 praeterea
290 1976 387 2030 autem
418 1987 499 2030 nunc
527 1968 653 2030 dubitari
676 1986 737 2029 non
759 1973 857 2047 potest
880 1967 952 2046 quin
975 1965 1127 2044 singulare
1147 1965 1185 2027 sit

111 2055 142 2114 in
159 2056 378 2132 Agamemnone
401 2054 548 2114 canticum
571 2052 701 2114 dimetris
723 2052 917 2131 anapaesticis
939 2059 970 2113 et
989 2051 1184 2113 monometris

111 2138 231 2199 alternis
260 2155 325 2198 sese
354 2137 568 2217 excipientibus
593 2138 799 2216 compositum.
843 2154 945 2197 verum
968 2153 1026 2197 nec
1047 2135 1107 2195 lroc
1128 2151 1183 2197 ucc

111 2221 224 2300 reliqua
246 2240 322 2299 quae
344 2223 380 2282 de
403 2222 566 2300 anapaestis
589 2222 800 2300 disputavimus
822 2222 858 2282 ad
880 2219 1132 2300 pronuntiandam
1146 2218 1181 2280 de

112 2306 278 2384 tragoediae
301 2306 416 2383 origine
438 2306 613 2367 sententiam
635 2306 797 2371 sufficiunt.

194 2556 361 2618 absolutum
389 2577 423 2618 ac
444 2559 590 2620 firmatum
617 2557 698 2617 omni
720 2575 754 2617 ex
777 2565 860 2636 parte
881 2555 1024 2619 iudicium
1046 2556 1084 2618 de
1104 2557 1178 2636 ltqu-

110 2641 277 2703 memnonis
299 2653 418 2704 auctore
441 2644 511 2703 ferri
535 2642 639 2721 nequit
655 2651 812 2719 antequam
827 2643 863 2702 de
878 2640 1000 2703 canticis
1015 2640 1178 2703 constiterit

109 2745 184 2804 quae
206 2728 236 2787 in
259 2726 307 2788 illa
329 2728 470 2805 leguntur
491 2746 517 2786 v.
535 2728 703 2789 589-636
727 2734 755 2787 et
771 2728 949 2790 sos—866.
986 2743 1019 2787 ea
1034 2743 1105 2787 raro
1120 2734 1177 2789 tam

108 2818 170 2871 arte
200 2819 305 2871 natura
321 2818 379 2872 'sua
402 2830 469 2872 cum
492 2810 596 2890 Oedipi
620 2811 742 2871 canticis
764 2811 933 2875 403—508
955 2819 985 2872 et
1006 2811 1176 2873 roo-763

109 2895 266 2956 coniuncta
289 2903 359 2956 sunt
381 2904 497 2957 utnon
519 2896 603 2956 aliter
624 2913 711 2974 quam
735 2896 893 2957 coniuncte
915 2895 952 2955 de
973 2894 1021 2955 his
1038 2893 1177 2957 omnibus

108 2979 251 3058 disputari
279 2990 375 3058 queat.
420 2988 508 3058 atque
535 2991 604 3059 post
632 2998 718 3042 ouras
741 2979 927 3053 Grotelendi‚
957 2978 1043 3040 cuius
1068 2977 1177 3043 librum

107 3064 255 3143 inspicere
276 3083 338 3125 non
361 3065 454 3144 potui,
478 3072 508 3125 ot
529 3065 636 3136 Bothii‚
660 3082 748 3143 quem
764 3063 937 3127 Groteiendi
952 3062 1073 3141 vestigia
1091 3081 1175 3143 pres·

106 3150 181 3210 sisse
202 3149 295 3225 aiunt,
318 3149 477 3210 Muellerus
499 3150 571 3210 haec
594 3149 722 3210 earmina
741 3166 878 3228 perverse
893 3147 1012 3228 quidem
1028 3147 1176 3228 discripsit

105 3267 147 3277 —
170 3235 198 3294 id
227 3234 308 3312 quod
336 3235 368 3294 in
397 3234 590 3313 anapaesticis
612 3252 732 3312 quoque
754 3234 860 3295 lecisse
882 3233 965 3295 illum
986 3232 1114 3295 vidimus
1134 3264 1175 3278 -

105 3317 157 3377 sed
185 3337 378 3380 numerorum
408 3327 543 3380 naturam
572 3318 607 3379 ad
638 3335 782 3379 summam
810 3326 891 3380 recte
913 3316 1051 3396 exposuit
1071 3316 1123 3395 (de
1142 3334 1175 3377 rs

105 3407 189 3460 metr.
214 3404 274 3465 120
297 3408 369 3483 sq),
401 3421 586 3482 nequaquam
615 3411 712 3463 tamen
741 3403 779 3464 ita
802 3411 835 3464 ut
856 3401 1008 3463 tractando
1030 3400 1174 3463 hocloco

105 3486 299 3562 supersedere
331 3489 495 3567 possimus;
531 3487 705 3565 praesertim
738 3505 806 3550 cum
838 3486 970 3548 Richteri
997 3484 1175 3565 Peiperique

104 3568 254 3629 temeritas
276 3569 409 3633 docuerit
431 3571 560 3634 carmina
582 3572 646 3646 ista,
668 3571 868 3633 memorabilis
882 3589 954 3633 sane
970 3577 999 3631 et
1012 3569 1175 3649 singularia

104 3671 139 3713 ex
162 3652 335 3730 antiquitate
349 3655 481 3718 Romana
504 3656 575 3717 artis
596 3656 732 3718 licentius
755 3655 899 3718 exercitae
921 3654 1115 3731 monimenta,
1136 3672 1174 3715 na

103 3756 119 3799 a
148 3736 288 3799 vilissimo
316 3738 435 3816 quidem
465 3748 495 3802 et
519 3740 606 3820 plane
629 3741 742 3801 nefario
764 3740 906 3803 ariolandi
927 3756 1040 3819 genere
1059 3737 1174 3801 munita

104 3839 178 3883 esse.
223 3828 312 3900 atque
333 3831 367 3884 ut
389 3823 424 3885 de
447 3824 616 3903 disputandi
629 3824 753 3887 ratione
774 3825 903 3904 primum
926 3821 1101 3899 conveniat,
1126 3820 1172 3885 rel

98 3906 203 3986 ,potius
226 3925 264 3967 ne
286 3907 353 3985 quis
375 3915 461 3987 putet
482 3909 565 3969 aliter
587 3910 659 3972 haec
681 3909 810 3972 carmina
825 3908 974 3972 tractanda
990 3926 1066 3985 esse,
1088 3906 1172 3969 aliter
