2602 4380
662 561 731 637 IX.

248 883 285 944 Ut
303 883 338 945 ad
353 883 536 963 propositam
559 883 601 943 de
624 858 911 963 exemplaribus
932 882 1084 962 graecis
1107 874 1239 964 quaesti·

161 988 249 1031 onem
278 969 449 1042 redeamus,
479 960 628 1048 apfissimc
656 987 672 1028 a
696 969 789 1049 prima
814 967 962 1047 tragoedia
984 967 1168 1047 incipiemus
1189 970 1238 1030 cui

160 1065 195 1116 ut
210 1053 380 1134 cognomini
396 1053 565 1133 Euripidiae
579 1053 707 1115 furentis
724 1053 876 1133 epitheton
896 1053 1093 1132 interpolator
1108 1054 1237 1133 inscrip-

160 1141 212 1201 sit:
230 1138 363 1201 novicius
377 1138 448 1199 huic
463 1146 493 1198 et
507 1156 604 1218 nuper
619 1138 737 1199 demum
752 1139 892 1218 explosus
906 1138 956 1215 (de
970 1137 1167 1200 Wilamowitz
1181 1142 1236 1200 dn.

160 1225 233 1285 Eur.
256 1243 286 1304 p.
309 1225 350 1285 59
370 1225 437 1302 sq.)‚
459 1233 542 1284 vetus
564 1223 608 1284 illi
630 1223 747 1284 Etrusci
769 1223 943 1285 auctoritate
966 1222 1136 1285 convictus:
1160 1224 1238 1285 inter

162 1328 237 1388 quos
261 1327 335 1389 quae
359 1308 546 1369 necessitudo
569 1309 606 1368 sit
621 1326 682 1369 non
698 1308 769 1369 satis
783 1308 891 1388 liquet;
914 1307 1064 1386 aptissime
1084 1307 1153 1370 ideo
1169 1309 1236 1389 quia

160 1395 192 1454 in
222 1393 278 1455 hac
303 1392 400 1454 sabula
429 1392 554 1454 dubitari
585 1393 688 1472 nequit
718 1392 791 1470 quin
813 1392 849 1454 ab
873 1391 1015 1472 Euripide
1036 1402 1126 1472 poeta
1148 1412 1236 1473 argn-

160 1486 293 1539 mentum
317 1477 476 1558 repetierit.
513 1478 562 1539 ille
582 1478 660 1539 enim
676 1476 812 1539 Herculis
834 1477 870 1538 ab
892 1477 997 1538 inieris
1018 1477 1131 1538 revomi
1153 1479 1235 1540 luro-

161 1581 223 1624 rem
252 1563 367 1642 primus
394 1581 517 1624 scaenae
545 1562 664 1624 tradidit
689 1562 916 1642 argumentique
944 1564 1070 1623 lormam
1093 1562 1125 1623 in
1147 1580 1237 1625 omne

161 1666 263 1709 aevum
292 1648 455 1709 coustituit.
500 1647 580 1727 quod
610 1666 625 1708 a
654 1646 768 1725 graecis
794 1648 890 1727 poetis
921 1654 971 1708 aut
998 1647 1030 1708 in
1052 1646 1237 1725 ignobilibus

160 1742 274 1793 tantum
297 1733 454 1810 tragoediis
467 1735 488 1808 ¹)
511 1743 562 1793 aut
584 1733 705 1793 omnino
729 1750 791 1794 non
807 1740 995 1793 retractatum
1010 1734 1095 1808 estfl)
1123 1732 1236 1796 Seneca

160 1818 251 1896 igitur
273 1837 331 1879 una
354 1817 505 1896 Euripidis
526 1816 623 1878 fabula
647 1835 719 1878 usus
741 1825 794 1877 est.
840 1815 841 1821 ’

246 1912 334 1982 atque
361 1903 490 1982 primum
519 1902 636 1980 quidem
666 1900 816 1981 displicuit
848 1901 890 1962 illi
924 1909 958 1962 ut
986 1901 1145 1980 Lessingio
1177 1902 1237 1979 (lV,

161 1990 222 2050 247
238 2006 282 2067 sq.
299 1987 331 2046 L.
353 1987 404 2048 uhi
428 1986 569 2067 quaedam
593 1986 628 2047 de
651 1987 820 2048 discrimine
843 1985 922 2047 inter
938 1984 1112 2065 Euripidem
1135 1995 1167 2049 et
1183 1988 1236 2049 Se·

160 2091 263 2133 necam
286 2072 454 2133 acutissime
476 2071 644 2150 disputavit)
668 2079 696 2132 et
717 2071 854 2151 plurimis
876 2071 993 2150 egregia
1013 2069 1169 2151 Euripidis
1189 2090 1236 2134 ars

161 2176 218 2236 qua
235 2176 270 2218 ex
285 2156 394 2235 duplici
410 2164 585 2236 argumento
601 2191 643 2202 -
658 2157 755 2218 reditu
770 2155 907 2217 Herculis
923 2166 952 2217 et
966 2156 1068 2217 lurore
1083 2174 1235 2220 -unum

161 2241 272 2302 effecit:
295 2241 426 2301 videmus
449 2241 558 2302 liberos
581 2239 717 2302 Herculis
740 2250 769 2302 et
792 2258 913 2303 uxorem
939 2241 970 2301 in
993 2240 1095 2320 priore
1116 2251 1236 2320 tragoe-

159 2327 224 2387 diae
252 2335 336 2404 parte
366 2335 483 2405 praeter
510 2345 594 2405 spem
623 2335 752 2387 servatos
775 2326 806 2386 in
829 2325 918 2387 altera
940 2324 976 2386 ab
998 2325 1064 2404 ipso
1086 2338 1237 2389 servatore

159 2410 316 2486 trucidari;
339 2410 371 2471 in
393 2410 493 2490 priore
515 2410 643 2472 eundem
666 2430 718 2472 sua
740 2410 847 2472 virtute
869 2429 982 2472 summa
997 2420 1183 2491 perpetrare,
1203 2410 1234 2472 in

158 2495 250 2557 altera
272 2495 474 2576 praepotentis
496 2495 627 2558 numinis
649 2515 739 2557 manu
760 2490 800 2557 cd
822 2489 1006 2559 καλλίνικον
1028 2490 1115 2575 κάρα
1128 2494 1235 2559 miser·

159 2581 267 2641 rimam
291 2579 423 2641 omnium
439 2581 538 2653 reddi;
561 2581 689 2660 denique
705 2581 790 2642 amici
806 2581 906 2642 dextra
921 2579 993 2658 erigi
1009 2597 1131 2642 rursum
1147 2599 1236 2643 mun·
1280 2590 1284 2599 “

160 2666 258 2745 doque
279 2665 373 2725 reddi.
405 2667 563 2727 transitum
586 2666 635 2726 ille
657 2665 789 2744 aprione
804 2675 886 2744 parte
902 2666 936 2726 ad
952 2665 1085 2739 altemm,
1106 2683 1123 2728 a
1138 2664 1236 2727 subita

160 2770 176 2811 e
199 2751 304 2811 timore
326 2749 433 2811 laetitia
455 2752 491 2811 ad
514 2769 661 2811 summum
684 2750 812 2824 luctum,
841 2749 1020 2824 admirabili,
1050 2749 1076 2811 si
1105 2759 1235 2813 veterem

161 2853 221 2895 non
246 2835 388 2895 noviciam
412 2854 547 2897 scaenam
570 2836 703 2915 respicis,
727 2835 777 2896 sed
800 2835 993 2896 audacissimo
1009 2833 1132 2897 invento
1155 2835 1235 2907 lecit,

158 2919 236 2980 lride
260 2928 288 2980 et
310 2918 426 2980 lusania
449 2920 479 2980 in
501 2939 637 2982 scaenam
660 2919 806 2992 inductis;
835 2920 934 2981 minus
961 2928 1059 2980 tamen
1082 2920 1188 2982 audaci
1210 2921 1235 2981 si

157 3005 330 3066 memineris
352 3004 487 3067 lnsaniae
509 3024 667 3085 personam
689 3004 919 3067 Atheniensibus
942 3022 977 3065 ex
998 3004 1139 3086 Aeschyli
1167 3004 1236 3068 Car·

158 3090 362 3151 minatricibus
384 3092 452 3168 (lrg.
472 3091 543 3165 163)
568 3099 666 3152 nomm
688 3090 790 3154 luisse.
827 3089 885 3150 hoc
907 3089 997 3167 igitur
1014 3107 1083 3150 cum
1103 3090 1236 3153 Senecae

246 3261 263 3322 ¹)
282 3258 420 3324 Diogenem
438 3257 463 3307 in
477 3255 583 3308 llercnle
595 3257 676 3322 (Suid.
686 3272 707 3309 s.
716 3256 755 3319 ll.)
768 3256 849 3324 llylae
861 3256 970 3309 fabulam
980 3260 1106 3308 tractasse
1115 3256 1238 3310 Welelre·

159 3340 201 3376 rus
214 3326 309 3377 conicit
324 3342 351 3392 p.
364 3328 437 3387 1039,
456 3325 482 3375 in
492 3323 640 3377 'limesitlrei
657 3324 765 3376 Hercule
782 3325 825 3376 vel
843 3324 875 3377 de
886 3324 980 3392 satyris
991 3322 1089 3390 cogitat
1099 3327 1139 3391 (p.
1151 3328 1238 3391 11141),

159 3397 187 3441 ut
205 3397 234 3443 ut
251 3398 290 3445 est
308 3400 334 3444 et
352 3393 440 3445 harum
459 3390 599 3444 fabularum
617 3392 738 3445 memoria
756 3392 883 3445 intercidit
899 3397 999 3459 praeter
1016 3391 1120 3444 nomina
1141 3392 1238 3445 eteius

157 3460 267 3525 quaein
286 3460 336 3512 GlG
354 3461 372 3522 l,
391 3463 438 3515 231
459 3464 620 3524 memoratur,
638 3465 663 3512 et
680 3459 855 3527 Lycophronis
873 3460 953 3522 tSuid.
971 3475 992 3512 s.
1010 3459 1056 3525 E).

244 3527 264 3589 ²)
283 3529 350 3592 quod
360 3528 524 3595 Asclepiades
535 3528 645 3580 narravit
657 3527 839 3592 (schollldtl)
858 3544 908 3581 uon
927 3526 1071 3581 necessario
1089 3527 1123 3580 ad
1142 3544 1238 3583 noram

159 3593 315 3659 tragoediam
333 3595 446 3662 refertur,
464 3596 590 3664 siquidem
606 3595 736 3648 verissima
755 3601 815 3647 sunt
831 3611 897 3663 quae
915 3596 1041 3648 liebertus
1058 3594 1239 3665 (despuet.

157 3677 181 3727 p.
193 3664 286 3728 resq.)
303 3666 329 3712 et
339 3662 550 3717 Wilamowitzius
567 3665 644 3729 (1.1.
655 3681 679 3732 p.
693 3666 738 3717 181
750 3664 808 3715 adn.
818 3667 844 3729 3)
857 3664 890 3717 de
902 3663 1093 3748 trayyodumenis
1102 3663 1237 3723 memet:

157 3730 305 3796 praesertim
328 3745 385 3781 cum
411 3732 479 3798 qnod
502 3732 546 3785 ille
567 3737 652 3785 narrat
673 3731 843 3800 καταστέφει
864 3729 928 3788 τοὺς
955 3730 1110 3800 Ηρακλέης
1133 3732 1239 3790 παῖδας

157 3797 302 3864 Euripidem
320 3798 433 3850 redoleat
447 3801 482 3865 (v.
493 3802 561 3865 516).
585 3800 749 3853 scholiastam
761 3799 864 3852 Pindari
878 3800 976 3865 (lsthm.
987 3803 1012 3866 t,
1024 3802 1084 3866 tot)
1094 3798 1239 3868 hypothesi

155 3865 257 3917 tabulae
275 3866 418 3934 Euripidiae
436 3883 510 3920 usum
528 3883 585 3920 esse
603 3868 728 3920 intellexit
745 3867 958 3920 Wilumowitzins
975 3868 992 3920 l.
1010 3883 1032 3920 s.
1050 3883 1077 3936 p.
1098 3869 1160 3923 186.
1227 3896 1230 3901 ·
