2580 4366
115 213 177 274 242
499 233 527 272 n.
549 231 654 274 aunam
676 233 803 274 sauucaa
861 204 863 213 '

116 389 244 444 certetur
266 380 346 440 omni
370 381 479 442 scelere
503 390 533 442 et
555 381 666 443 alterna
688 382 751 443 vice

116 466 278 545 stringatur
299 465 392 539 ensis;
417 484 454 527 ne
477 467 515 527 sit
537 467 645 528 irarum
668 468 774 528 modus

116 552 257 632 pudorre,
279 559 393 611 mentes
415 569 519 612 caecus
540 551 660 631 instiget
682 553 775 623 furor,

116 636 213 697 rabies
234 644 391 716 parentum
413 635 498 697 duret
520 645 549 697 et
569 637 692 716 longum
716 638 797 697 nelas

117 731 163 782 eat
184 721 214 781 in
238 716 377 800 nepotes3
401 738 457 782 nec
478 728 559 782 vacet
580 723 719 801 cuiquam
741 729 825 783 vetus

118 805 215 867 odisse
237 805 364 867 crimen:
389 824 507 886 semper
528 805 639 868 oriatur
661 824 780 881 norum,

119 909 174 952 nec
197 909 288 952 unum
311 890 342 950 in
363 909 436 965 unc,
459 890 588 971 dumque
610 892 734 972 punitur
756 891 862 967 scelus,

118 985 238 1037 crescat.
282 975 420 1056 superbis
441 975 581 1037 fratribus
602 992 694 1054 regna
716 976 851 1037 excidant

118 1068 311 1141 repetantque
333 1061 491 1141 prolugcs;
514 1060 602 1121 dubia
624 1061 768 1122 violentae
790 1061 894 1122 domus

119 1147 238 1207 fortuna
260 1164 344 1224 reges
366 1146 444 1206 inter
465 1145 596 1207 incertos
617 1145 712 1208 labet:

118 1230 208 1292 miser
230 1248 265 1291 ex
287 1238 408 1311 potente
429 1231 489 1305 liat,
512 1249 547 1291 ex
568 1230 676 1293 misero
699 1240 806 1312 potens

118 1317 270 1396 fluctuque
292 1333 418 1393 regnum
440 1333 524 1376 casus
547 1315 665 1377 assiduo
687 1316 771 1378 ferat.

120 1401 158 1461 ob
182 1400 291 1462 scelera
314 1400 402 1481 pulsi,
426 1418 493 1461 cum
516 1399 597 1461 dabit
618 1401 744 1480 patriam
766 1401 838 1462 deus

120 1488 150 1547 in
174 1486 284 1547 scelera
306 1485 438 1558 redeant,
460 1485 579 1566 sintque
600 1490 658 1547 tarn
681 1486 768 1548 invisi
790 1485 938 1561 omnibus,

122 1589 209 1652 quarn
231 1570 301 1644 sibi;
327 1570 401 1630 nihil
423 1571 460 1631 sit
482 1570 524 1630 ira
547 1571 626 1651 quod
647 1571 769 1632 vetitum
791 1579 889 1653 putet:
998 1596 1000 1611 ,
1040 1643 1043 1647 ¹

121 1658 241 1718 fratrem
265 1665 434 1736 expavescat
457 1656 547 1716 trater
570 1665 598 1716 et
621 1664 721 1718 natum
745 1674 853 1737 parens
953 1718 956 1723 ,

122 1749 413 1822 natusqnepatrem,
435 1740 520 1800 liberi
542 1750 666 1822 pereant
688 1739 773 1816 male,
881 1800 884 1805 .

122 1827 208 1908 peius
228 1835 326 1887 tamen
350 1833 525 1900 nascantnr;
551 1824 702 1887 immineat
723 1825 803 1887 virox
892 1824 895 1828 ’

122 1911 227 1972 infesta
250 1909 392 1981 coniunx,
413 1909 489 1970 bella
511 1919 593 1971 trans
615 1918 742 1988 pontum
765 1911 880 1983 vehant,

123 1997 234 2058 effusus
255 2013 359 2057 ornnes
380 1995 484 2072 irriget
505 2003 598 2057 terras
620 2014 718 2070 cruor,

123 2100 272 2161 supraque
294 2098 417 2159 magnos
440 2081 574 2158 gentium
597 2080 706 2142 exultet
727 2081 817 2141 duces

124 2166 227 2226 Libido
250 2166 366 2226 victrix:
390 2165 479 2244 impia
502 2174 638 2246 stuprum
659 2166 690 2226 in
714 2167 802 2226 domo

123 2251 301 2313 levissimum
324 2250 376 2325 sit3
400 2251 499 2311 fratris
521 2258 550 2311 et
571 2250 614 2310 las
637 2259 667 2310 et
688 2249 760 2311 fides

124 2336 229 2415 iusque
252 2353 340 2397 omne
362 2343 471 2414 pereat.
516 2352 576 2395 non
600 2335 637 2396 sit
660 2354 675 2395 a
697 2334 800 2397 vestris
822 2331 906 2394 malis
933 2336 936 2341 '

125 2422 257 2481 immune
279 2418 392 2481 caelum
414 2453 457 2490 -,-
479 2438 534 2480 cur
555 2419 664 2480 micant
686 2419 786 2481 stellae
809 2419 878 2500 pulc

125 2506 321 2586 flammaeque
341 2513 457 2565 servant
479 2503 609 2564 debitum
632 2505 743 2564 mundo
766 2500 878 2565 decus?

127 2609 185 2651 noa
207 2591 262 2651 alia
284 2590 344 2662 liat,
367 2588 480 2650 excidat
502 2588 582 2649 caelo
605 2589 677 2650 dies.

126 2677 218 2736 misce
240 2684 372 2756 penates,
395 2674 460 2734 odia
484 2674 586 2735 caedes
609 2674 711 2734 lunera

126 2779 241 2823 arcesse
263 2769 292 2820 et
313 2758 403 2838 imple
425 2758 547 2820 Tantalo
570 2765 660 2821 totam
683 2761 812 2819 domurn.

127 2854 250 2906 ornetur
270 2845 360 2905 altum
384 2845 521 2905 columen
545 2853 573 2905 et
593 2845 676 2905 lauro
698 2845 778 2904 fores

126 2932 219 2992 laetae
240 2930 395 3002 virescant,
416 2929 524 3008 dignus
545 2929 671 2990 adventu
693 2937 745 2990 tun

128 3015 313 3097 splendescat
334 3014 411 3093 ignis
433 3049 475 3057 —
498 3014 655 3075 Thracium
679 3015 728 3074 fiat
750 3013 832 3074 nefas

128 3101 238 3163 maiore
261 3117 395 3160 numero.
438 3099 537 3160 dextra
560 3118 612 3160 cnr
634 3100 730 3179 patrui
755 3094 858 3158 vacatl

129 3187 262 3247 nondum
284 3184 427 3263 Thyestes
448 3184 558 3245 liberos
579 3185 668 3245 deflet
688 3202 758 3244 suns
782 3215 821 3226 -

130 3281 157 3332 et
181 3269 299 3352 quando
321 3266 426 3329 tollet?
459 3269 579 3346 ignibus
600 3269 658 3330 ianr
679 3268 804 3330 subditis

129 3364 268 3438 spument
289 3372 371 3428 aena,
394 3354 525 3415 membra
547 3372 601 3434 per
621 3363 720 3433 partes
742 3361 810 3413 eant

129 3442 285 3521 discerpta,
308 3438 427 3519 patrios,
439 3438 552 3519 polluat
572 3438 692 3517 sanguis
713 3439 806 3508 locos,

130 3527 234 3608 epulae
256 3526 440 3598 instruantur
461 3558 504 3571 —
526 3542 587 3585 non
610 3524 677 3584 novi
699 3522 820 3584 sceleris
842 3519 894 3581 tibi

131 3612 249 3673 conviva
271 3610 381 3673 venies.
424 3609 548 3669 liberum
571 3608 705 3668 dedimus
726 3607 803 3667 diem

216 3760 423 3827 destringantur
446 3770 519 3810 enses
541 3759 567 3810 A
652 3759 683 3810 33
702 3759 893 3822 repetatque&
984 3750 1207 3820 361nctnqne8

131 3832 165 3881 44
182 3828 306 3879 omnisll
379 3826 558 3880 issem]
627 3827 735 3880 iterna
753 3824 891 3875 micaatA
960 3824 989 3874 51
1010 3821 1207 3885 acardus

133 3899 164 3950 53
182 3910 284 3947 accerse
301 3895 334 3946 Ε.
352 3922 386 3933 -
403 3894 481 3960 imple
498 3893 594 3947 scelere
612 3893 759 3945 Tantaleam
777 3891 880 3943 domum
897 3892 922 3941 A
972 3885 1208 3944 pertendemus

130 3968 164 4018 60
181 3969 318 4032 spumante
335 3961 416 4014 aheno
436 3963 460 4013 A
