2602 4380
161 234 220 297 164
481 248 519 289 on
540 245 755 289 nxnurnnnnrvs
776 245 904 288 cunnos.

158 401 276 462 Medeae
292 397 483 478 conloquium
498 398 630 471 servarit,
646 414 714 457 cum
729 397 834 457 Iasone
849 396 909 457 dno
924 396 1083 475 conloquia
1093 395 1125 457 in
1137 415 1233 458 unum

159 485 308 556 coartavit,
331 483 451 545 Medeae
474 483 509 543 de
530 482 632 543 liberis
656 481 797 542 necandis
813 480 1055 542 deliberationem
1077 488 1108 543 et
1129 499 1235 545 necem

159 571 252 650 ipsam
267 587 365 630 coram
381 568 493 648 populo
509 566 735 647 perpetrandam
750 584 804 627 suo
821 566 946 627 consilio
961 564 1123 648 adoptarit3
1138 566 1237 628 nutri·

160 673 223 715 cem
246 673 314 715 erae
335 652 445 715 addidit
466 652 630 731 prudenter
643 650 869 730 obloquentem
896 649 1034 712 nuntium
1050 651 1155 731 paucis
1168 668 1237 713 ver·

159 739 242 800 sibus
264 738 402 812 absolvit;
426 736 550 798 chorum
565 734 683 798 Medeae
698 735 852 797 inimicum
868 736 1050 797 comicorum
1065 754 1151 797 more
1163 735 1237 800 lecit

161 831 190 884 et
211 824 304 903 ipsam
327 824 358 883 in
381 822 506 902 prologo
530 820 627 881 omnia
650 838 717 882 mor
739 820 947 881 committenda
969 819 1160 882 indicantem.
1215 844 1219 853 ’

245 906 424 986 tragoediam
447 907 486 968 ita
508 906 719 966 conformatam
734 923 803 966 cum
817 904 971 985 Euripidia
986 922 1158 984 comparare
1175 924 1237 967 non

161 993 253 1071 magis
275 1009 362 1071 quarn
384 993 416 1053 in
438 990 560 1069 reliquis
582 991 625 1051 las
648 998 701 1051 est.
738 989 790 1051 sed
812 988 914 1068 negari
936 1008 998 1050 non
1021 997 1120 1069 potest
1141 989 1236 1053 multo

160 1077 337 1156 prudentius
360 1094 447 1155 quam
470 1076 501 1136 in
516 1074 645 1135 Hercule
659 1081 775 1154 poetam
791 1074 827 1135 ab
841 1074 976 1154 exemplo
995 1092 1050 1135 suo
1066 1075 1237 1150 recessisse,

161 1169 193 1222 ut
215 1161 340 1223 subinde
362 1158 523 1240 probabilis
545 1158 688 1238 quaedam
708 1159 812 1237 tragici
838 1158 952 1237 ingenii
973 1159 1163 1222 mediocritas
1185 1177 1238 1239 ap·

160 1254 269 1325 pareat.
314 1264 374 1324 quo
402 1245 470 1305 talia
491 1244 659 1324 pertinent:
688 1242 839 1324 Euripidis
861 1244 962 1307 Medea
987 1251 1146 1323 antequam
1168 1262 1238 1307 cum

160 1331 265 1392 lasone
287 1331 483 1408 conloquatur
505 1336 584 1390 certa
607 1338 651 1391 est
673 1329 709 1390 do
731 1329 859 1407 coniuge
887 1329 1011 1409 eiusque
1039 1347 1116 1393 nora
1144 1338 1238 1409 nupta

161 1433 326 1493 soceroque
348 1413 559 1476 interficiendis
581 1414 655 1490 (364
671 1415 744 1491 sq.);
768 1413 929 1475 liberorum
945 1414 1150 1477 necandorum
1159 1432 1239 1479 con-

161 1499 260 1561 silium
283 1499 400 1560 demum
422 1518 489 1559 cum
505 1500 604 1576 Aegeo
626 1498 775 1576 refugium
797 1505 881 1577 pacta
903 1499 993 1578 capit.
1029 1498 1145 1563 Seneca
1166 1499 1240 1561 baec

162 1584 247 1645 aliter
269 1584 411 1657 instituit3
433 1582 533 1644 Medea
556 1580 587 1642 in
609 1581 725 1643 fabulae
739 1582 824 1644 initio
845 1601 885 1645 ne
907 1582 1007 1647 audito
1029 1583 1151 1662 quidem
1172 1584 1240 1665 epi-

162 1668 299 1729 thalamio
321 1686 420 1746 regem
444 1674 627 1746 nuptamque
649 1686 754 1730 novam
776 1666 912 1731 occidere
934 1677 1013 1731 certa
1036 1678 1099 1744 est,
1129 1669 1181 1729 sed
1205 1687 1239 1729 eo

162 1753 288 1815 consilio
310 1761 343 1815 ut
364 1751 498 1814 iasonem
519 1752 557 1814 ad
580 1752 666 1813 fidem
689 1752 819 1813 reducat.
861 1752 906 1813 s'rc
927 1771 953 1813 v.
978 1752 1054 1817 139:

570 1853 671 1914 melius
692 1872 711 1914 o
731 1854 834 1914 melius
855 1853 937 1916 dolor

364 1939 475 2015 furioso
497 1937 625 2017 loqueum
647 1941 675 1998 α’
690 1949 790 2018 potest,
812 1943 892 2000 cient
912 1957 993 1999 meur

366 2032 399 2083 ot
420 2021 643 2099 sterilescere·
662 2027 871 2097 moironcourt
892 2033 990 2084 taruco
1012 2041 1039 2084 e.
1054 2040 1085 2101 q.
1100 2041 1126 2082 s.

163 2122 281 2202 repulsa
303 2141 318 2182 a
343 2121 469 2182 Creonte
490 2122 533 2183 ira
550 2123 668 2201 quidem
683 2122 765 2197 furit,
787 2124 866 2202 quod
882 2130 968 2204 poeta
991 2123 1057 2202 ipse
1071 2123 1242 2185 obscurarit

163 2209 255 2268 choro
277 2204 362 2280 male,
391 2216 425 2266 ut
446 2206 477 2265 in
494 2205 621 2268 Hercule
642 2218 710 2287 post
726 2208 862 2270 Herculis
883 2208 1050 2283 adventum,
1072 2206 1240 2281 inculceto;

163 2292 216 2352 sed
231 2307 417 2369 nequaquam
433 2289 469 2351 de
483 2290 587 2353 lasone
603 2291 659 2353 sibi
673 2292 894 2355 reconciliando
910 2293 1056 2373 desperat.
1095 2311 1165 2354 cnm
1180 2312 1241 2374 qno

147 2377 204 2436 'ita
234 2374 425 2453 conloquitur
454 2376 537 2454 quasi
563 2395 596 2437 re
618 2394 684 2438 vera
706 2377 846 2457 precibus
868 2394 935 2438 enm
958 2377 1111 2457 priscique
1131 2378 1242 2441 amoris

164 2460 304 2521 memoria
326 2460 405 2520 flecti
427 2477 515 2538 posse
537 2470 630 2540 putet.
676 2480 743 2523 cum
767 2478 885 2523 omnem
907 2461 1107 2541 persuadendi
1129 2470 1160 2524 et
1176 2462 1240 2524 vin·

165 2544 250 2605 cendi
273 2560 356 2623 spem
379 2545 492 2623 perisse
514 2546 594 2621 vidit,
617 2554 681 2607 tum
704 2548 820 2608 demum
839 2546 938 2607 omnia
952 2556 1055 2608 secum
1070 2546 1101 2607 in
1117 2547 1241 2609 exitium

164 2629 282 2689 trahere
304 2629 473 2704 constitnit3
497 2631 636 2692 utstatim
652 2641 720 2710 post
735 2649 883 2693 summum
898 2631 1035 2694 allectum
1051 2650 1121 2693 cum
1137 2632 1241 2694 eodem

164 2713 291 2793 loquens
320 2731 447 2793 aequum
476 2714 608 2776 animum
631 2715 750 2776 simulat
772 2728 809 2786 tv.
833 2719 895 2781 540
917 2718 993 2794 sq.);
1022 2715 1053 2777 id
1075 2717 1157 2795 qnod
1180 2734 1242 2779 non

165 2798 240 2859 male
263 2798 430 2859 institutum
453 2794 518 2860 esse
540 2799 685 2862 concedas
707 2801 738 2861 in
767 2809 853 2880 poeta
882 2800 931 2862 cui
954 2801 1122 2862 animorum
1145 2801 1242 2863 subita

166 2882 325 2943 concitatio
347 2884 440 2962 magis
462 2884 624 2963 adpetenda
645 2885 734 2946 luerit
749 2904 835 2965 quam
851 2886 928 2947 iusta
941 2885 1084 2947 facinoris
1099 2904 1136 2947 cx
1147 2886 1243 2948 mori·

165 2966 222 3028 bus
237 2974 374 3046 statuque
390 2969 497 3030 mentis
512 2969 677 3048 explicatio.
715 2971 794 3050 quod
808 2971 944 3050 sequitur
959 2988 1020 3031 non
1032 2970 1138 3032 minus
1152 2972 1244 3033 lunius

166 3051 332 3129 tragoediae
361 3052 516 3133 proprium
544 3063 599 3114 est.
643 3054 794 3134 Euripidis
814 3054 947 3116 Medeam
968 3061 1002 3116 ut
1021 3053 1135 3117 liberos
1157 3062 1244 3119 necet

167 3137 226 3197 dno
249 3145 449 3198 commovent:
472 3156 497 3198 v.
521 3139 584 3202 798

371 3217 411 3284 οὔ
432 3219 494 3303 γὰρ
516 3220 683 3303 γελᾶσθαι
704 3219 822 3305 τλητὸν
844 3219 881 3299 ἐξ
901 3218 1041 3304 ἐχθρῶν,
1063 3216 1168 3307 φίλαι

167 3333 206 3396 et,
228 3322 281 3384 ubi
302 3323 375 3383 baec
396 3322 508 3384 iustum
530 3322 629 3384 locum
651 3324 770 3401 habent,
791 3343 817 3383 r.
844 3326 926 3388 1062

373 3418 509 3498 πάντως
531 3417 593 3508 σφ’
618 3416 738 3508 ἀνάγκη
761 3427 952 3508 κατθανεῖν,
976 3420 1051 3488 ἐπεὶ
1075 3421 1113 3491 δὲ
1133 3422 1208 3511 χρὴ,

370 3502 466 3591 ἡμεῖς
487 3508 661 3590 κτενοῦμεν
684 3506 782 3591 οἵπερ
804 3505 1019 3595 decolores.

168 3606 297 3668 Senecae
312 3607 440 3683 Medeae,
463 3619 620 3691 postquam
641 3611 751 3673 liberos
772 3611 829 3674 sibi
850 3612 937 3690 fugae
959 3611 1083 3675 comites
1106 3610 1247 3693 expetivit

168 3700 198 3751 et
219 3690 306 3752 lason
329 3690 401 3755 dixit
421 3695 478 3754 rita
500 3714 533 3757 se
553 3695 669 3759 facilius
688 3714 776 3775 quarn
791 3696 892 3758 liberis
907 3714 1008 3758 carere
1022 3715 1124 3777 posse,
1144 3696 1245 3762 subito

169 3775 304 3836 oboritur
326 3776 481 3839 consilium
503 3799 529 3841 v.
553 3782 631 3844 549:

678 3869 718 3926 sic
739 3876 821 3927 nctus
841 3863 943 3928 amnt?

374 3946 440 4008 dene
460 3961 509 4020 est,
531 3959 653 4024 terretur,
675 3949 793 4012 oulocri
809 3956 905 4030 potuit
928 3951 1015 4014 toan
