2580 4366
148 195 211 261 2⁸¹8
535 214 562 255 n.
586 211 690 254 annam
712 212 839 255 sennenn

147 383 209 426 sar.
253 363 344 425 Ferro
366 372 540 444 peremptus
560 357 697 443 spiritum
719 362 872 424 inimicum
895 375 1015 444 expuat.
1191 375 1232 425 245

148 468 213 509 mn.
254 447 298 508 lle
319 449 379 508 line
400 465 515 528 poenae
537 448 684 529 loqueris3
707 467 762 527 ago
780 467 911 528 paenam
933 449 1011 510 vulo.
1112 442 1118 455 ’

149 533 275 614 perimat
296 541 438 612 tyrannus
459 533 548 594 lenis:
571 533 604 594 in
625 551 720 612 regno
742 552 809 595 meu

151 637 231 679 mars
253 618 435 698 impetratur.
479 637 539 680 sar.
584 617 669 679 Nulla
692 627 722 678 te
743 617 838 699 pietas
858 617 979 680 moreti

150 723 215 764 rrn.
260 701 385 776 Emeda
408 702 515 775 Pietas,
536 703 673 764 simodo
694 703 726 763 in
749 711 850 765 nostra
870 704 962 764 domu

67 796 69 800 '
132 806 290 867 *nmquam
312 787 402 849 fuisti.
446 788 508 850 dira
530 787 685 850 Furiarum
709 789 816 849 uehors

132 873 323 954 *discorsque
344 873 452 954 Erinys
473 873 570 934 veniat
591 883 621 934 at
642 873 774 950 geminas
796 873 875 933 lanes
903 929 905 935 a

123 958 139 1066 p
152 958 283 1036 Megaera
306 959 455 1038 quatiens:
480 975 541 1021 non
564 959 636 1019 satis
656 975 767 1036 magna
787 975 888 1019 meum

152 1042 235 1104 ardet
256 1043 355 1131 lurore
377 1055 492 1123 peetus,
513 1042 629 1124 impleri
651 1042 731 1103 iurat

151 1128 262 1189 maiore
284 1138 427 1191 monstro.
471 1146 531 1188 sar.
576 1126 653 1198 Quid
676 1127 744 1188 nevi
764 1127 886 1188 rabidus
908 1125 1021 1188 struis?

151 1231 216 1275 arn.
259 1212 306 1274 Nil
328 1213 408 1293 quod
430 1212 541 1274 doloris
563 1212 659 1293 capiat
679 1212 787 1278 assueti
809 1213 930 1287 modus;
1186 1222 1229 1273 usu

153 1297 267 1358 nullum
290 1298 456 1378 relinquam
478 1298 595 1358 lucinus
617 1305 648 1358 et
670 1297 786 1358 nullum
809 1306 852 1358 est
874 1297 953 1358 eatis.

51 1452 58 1473 Ι
90 1448 94 1453 ‚
151 1401 212 1442 sar.
256 1381 403 1445 Ferrum?
445 1401 510 1443 arn.
537 1381 646 1443 Parnm
660 1391 714 1442 est.
757 1400 819 1443 sar.
847 1380 923 1452 Quid
938 1380 1039 1460 maisi
1083 1400 1152 1444 nra.
1182 1384 1229 1444 Et·

296 1469 299 1484 ¹
603 1467 744 1529 iamnune
764 1485 869 1548 parum
891 1478 946 1528 est.

153 1571 216 1615 rar.
261 1550 397 1622 Quonam
420 1569 491 1630 ergo
512 1550 572 1612 telo
593 1559 694 1613 tantus
715 1560 815 1613 utetur
836 1549 944 1613 dolor?
1040 1575 1046 1589 ¹

152 1655 216 1699 arn.
256 1637 325 1717 lpse
347 1637 483 1715 Thyeste.
527 1655 588 1697 sar.
632 1636 726 1698 llains
746 1637 805 1698 hoe
826 1637 869 1698 ira
892 1645 935 1698 est
954 1635 1078 1698 maltam.

152 1741 217 1783 arn.
256 1720 370 1782 Fateor.
414 1720 558 1782 tumultus
580 1731 699 1802 pectora
721 1721 864 1784 attonitus
885 1722 980 1802 quatit
1188 1732 1231 1786 let

152 1807 332 1888 penitusque
352 1806 456 1880 volvit;
478 1807 578 1886 rapior
601 1815 629 1868 et
651 1807 845 1886 quomedo,

40 1957 42 1962 ,
153 1892 205 1953 sed
226 1893 335 1972 rapior.
378 1892 438 1951 imo
461 1892 556 1970 mugit
577 1910 593 1952 e
615 1892 707 1952 fundo
730 1890 837 1965 solum,

153 1986 236 2038 tonat
258 1977 320 2037 dies
343 1995 465 2036 serenus
486 1995 520 2037 ae
541 1976 613 2037 tntis
634 1977 740 2037 dumus

154 2070 188 2124 ut
208 2061 298 2123 fracta
319 2061 406 2122 tentis
428 2061 544 2141 crepuit
566 2069 595 2122 et
616 2061 689 2122 moti
711 2061 788 2122 lares

153 2155 267 2208 vertere
287 2146 419 2207 vultum:
443 2147 494 2207 liat
515 2147 583 2220 hoe,
605 2147 656 2208 liat
678 2146 760 2207 nefas
1190 2157 1233 2209 tta

155 2233 245 2312 quod,
267 2232 307 2305 di,
329 2232 448 2292 timetis.
493 2250 553 2291 sar.
597 2230 706 2292 Facere
728 2230 797 2310 quid
820 2230 937 2293 tandem
959 2228 1069 2310 paras?

154 2335 219 2377 arn.
262 2315 369 2377 Nescio
391 2315 462 2396 quid
483 2315 582 2376 animo
604 2315 699 2377 maius
720 2327 749 2376 et
771 2315 857 2377 solito
880 2314 1007 2397 amplius

155 2419 303 2481 supraque
325 2402 400 2461 lines
421 2401 513 2462 moris
534 2401 656 2467 humum
676 2409 771 2462 tumet

155 2488 304 2566 instatque
325 2485 419 2566 pigris
440 2484 577 2545 manibus
598 2518 640 2531 -
661 2486 740 2547 hand
762 2484 833 2566 quid
855 2485 893 2546 sit
915 2485 987 2558 snio,

155 2571 207 2632 sed
228 2572 338 2649 grande
360 2570 497 2649 quiddam
520 2579 574 2630 est
615 2569 657 2630 ita
678 2568 726 2631 sit.
769 2572 838 2642 hoe,
859 2570 967 2642 anime,
990 2587 1117 2650 occupa.
1188 2581 1235 2632 ltu

155 2657 278 2736 dignum
301 2663 345 2716 est
366 2655 492 2735 Thyeste
513 2653 628 2715 lacinus
650 2663 680 2717 et
702 2655 824 2732 dignum
848 2657 953 2717 Atreu:
1069 2672 1072 2680 ·

155 2750 280 2821 uterque
293 2740 397 2825 ¹laniat.
441 2739 511 2801 vidit
532 2738 668 2802 infandas
689 2739 795 2801 domus

157 2825 279 2906 Odrysia
301 2842 419 2886 mensas
439 2859 481 2868 -
524 2824 628 2899 fateor,
650 2825 779 2887 immane
801 2833 846 2886 est
867 2824 973 2895 areles,

156 2912 206 2972 sed
230 2919 425 2991 occupatum:
448 2909 546 2970 mains
562 2910 621 2970 hoe
643 2909 755 2990 aliquid
777 2909 864 2970 delur

155 2996 295 3056 inveniat.
337 2995 470 3055 animum
491 2993 592 3056 Daulis
612 2995 725 3081 inspira
747 3012 856 3074 parens
1188 3005 1235 3055 mu

156 3097 317 3160 sororqne;
341 3097 428 3140 eausa
450 3089 495 3140 est
517 3078 636 3143 similia:
655 3080 763 3141 assiste
783 3089 814 3141 et
834 3095 954 3140 manum
984 3096 986 3101 ·
1015 3108 1018 3115 .

102 3158 106 3164 ’
156 3164 276 3246 impelle
298 3174 438 3226 nostram.
482 3160 593 3225 liberos
613 3164 716 3226 avidus
737 3174 821 3245 pater

157 3251 347 3330 gaudensque
367 3248 477 3311 laceret
498 3259 527 3310 et
549 3266 619 3310 suus
640 3257 724 3311 artus
745 3249 820 3311 edat.

156 3336 233 3398 hene
255 3345 311 3409 est,
331 3334 448 3396 abunde
469 3344 523 3395 est.
566 3334 615 3395 hic
637 3333 735 3414 planet
756 3351 871 3414 poenae
892 3331 997 3392 modus

158 3421 309 3503 tantisper.
352 3419 475 3491 ubinam
497 3415 564 3487 est?
590 3428 650 3480 tam
673 3419 722 3483 diu
745 3437 800 3481 eur
821 3419 966 3481 innocens
1189 3427 1235 3478 usu

244 3606 294 3657 utu
312 3618 374 3670 mgu
390 3603 416 3654 ll
502 3605 553 3657 nst
570 3603 674 3654 modurn
699 3602 777 3654 endd.
802 3603 925 3654 sarranis
945 3596 1101 3665 Menestas
1123 3600 1187 3655 adv.
1206 3600 1236 3652 ll

158 3687 185 3737 p.
206 3672 256 3723 114
323 3674 374 3726 262
393 3669 495 3724 effundo
513 3671 538 3721 F
590 3673 639 3725 265
656 3675 755 3722 vertere
772 3669 869 3722 nullum
887 3668 913 3720 F
969 3666 1234 3720 unianimem

159 3741 269 3790 carrena·
340 3742 391 3792 268
409 3739 482 3790 timet
497 3741 524 3790 A
591 3741 647 3792 ‘269
665 3738 790 3790 munimus
812 3738 995 3802 ruperam-inu
1017 3737 1116 3801 priora·
1127 3750 1156 3788 m
1174 3736 1234 3789 ln.

158 3806 183 3856 F
263 3808 315 3858 270
333 3808 416 3859 anime
439 3807 566 3876 incipeA
646 3808 696 3859 utu
713 3804 783 3873 qnod
805 3812 914 3871 uterque
930 3803 955 3854 Ε
1026 3805 1079 3856 214
1101 3803 1236 3872 aliqultss

159 3877 209 3926 uus
226 3872 324 3991 lleqqis]
341 3875 394 3926 neti
413 3876 438 3925 A
460 3878 488 3938 (ι’.
507 3892 528 3926 e.
546 3873 662 3939 Attlriuit
679 3872 729 3925 tun
747 3877 787 3938 ς·
833 3874 884 3925 276
903 3887 975 3924 soror
993 3877 1035 3924 est
1052 3885 1074 3924 c.
1093 3876 1115 3937 ς
1184 3875 1236 3926 m

158 3956 251 4010 parens
