2580 4366
652 237 771 280 neruum

301 388 352 466 qui
373 395 530 449 moverunt
550 387 669 449 horrida
691 387 766 448 hello

300 473 504 554 Phrygiaeque
526 473 589 535 solo
611 490 702 552 regna
726 472 843 534 dedere.

368 557 428 618 Sed
450 558 517 637 quis
539 577 644 638 gressu
665 557 726 620 ruit
747 556 870 619 attonito

300 650 350 704 aut
373 642 442 723 qnid
464 651 564 723 portat
584 651 704 723 pectore
725 639 855 705 anhelo?

460 795 621 858 NVNTlVS

256 897 442 977 Quicumque
464 899 549 960 tectis
570 897 695 960 excubat
716 897 801 958 miles
823 897 916 974 ducis,
1026 929 1027 932 ¹

171 982 310 1044 defendat
331 983 427 1043 aulam
449 983 499 1044 cni
522 984 606 1044 furor
628 982 732 1062 populi
754 982 897 1044 imminet.

168 1068 276 1148 trepidi
299 1069 437 1130 cohortes
459 1087 528 1130 ecoe
550 1068 690 1148 praefecti
712 1068 834 1128 trahunt

169 1153 314 1233 praesidia
337 1153 372 1214 ad
394 1153 487 1228 urbis,
509 1153 584 1214 victa
607 1171 664 1214 nec
684 1152 762 1214 cedit
783 1159 864 1238 metu

170 1247 313 1317 concepta
336 1237 432 1298 rabies
454 1245 575 1312 temere,
598 1237 650 1299 sed
672 1239 749 1299 vires
771 1237 860 1317 capit.
956 1315 959 1319 .

169 1340 253 1383 cnon.
298 1322 371 1393 Quis
392 1323 448 1384 iste
469 1333 583 1385 mentes
605 1323 696 1402 agitat
716 1323 857 1384 attonitus
879 1321 989 1383 furor?

167 1425 251 1469 nrnr.
297 1407 432 1469 Octaviae
454 1408 552 1469 farore
574 1426 714 1488 percussa
737 1406 853 1487 agmina

169 1500 198 1554 et
220 1492 337 1553 efferata
359 1511 414 1573 per
437 1494 519 1554 nefas
541 1493 648 1572 ingens
671 1503 772 1554 ruunt.

167 1595 251 1639 cnon.
296 1577 373 1649 Quid
395 1596 465 1640 ausa
487 1580 585 1639 iacere
608 1597 703 1657 quove
725 1576 850 1639 consilio
873 1576 956 1638 doce.

166 1680 249 1724 nunu.
294 1661 429 1724 Reddere
451 1672 572 1743 penates
596 1661 731 1724 Claudiae
753 1658 810 1722 divi
832 1671 938 1741 parant

166 1757 309 1827 torosque
330 1747 438 1822 fratris,
461 1748 588 1810 debitam
610 1758 724 1828 partem
747 1748 862 1826 imperi.

167 1851 250 1892 cnon.
294 1832 376 1903 Quos
398 1833 456 1894 iam
477 1840 559 1895 tenet
580 1832 717 1913 Poppaea
739 1832 880 1893 concordi
902 1830 985 1893 fide?
1029 1853 1033 1859 ·

165 1936 248 1978 nvnr.
292 1917 348 1978 Hic
370 1917 431 1978 urit
451 1913 566 1979 animos
588 1917 723 1998 pertinax
746 1916 880 1994 nimium*
894 1918 976 1979 favor

166 2012 196 2063 et
217 2002 248 2062 in
270 2003 402 2064 furorem
423 2010 533 2064 temere
556 2003 733 2082 praecipites
754 2001 829 2080 agit:

165 2105 370 2167 quaecumque
392 2086 471 2149 claro
494 2106 640 2149 marmore
664 2087 776 2166 effigies
797 2085 877 2147 stetit

164 2183 215 2234 aut
236 2190 304 2233 aere
326 2171 453 2252 fulgens,
477 2191 527 2233 ora
550 2172 704 2253 Poppaeae
726 2190 843 2252 gerens,

165 2257 272 2318 afflicta
293 2256 372 2336 vulgi
394 2257 531 2318 manibus
554 2266 583 2320 et
604 2258 787 2320 saevo*·iacet

164 2360 264 2403 eversa
287 2343 384 2416 ferro;
407 2343 538 2404 membra
560 2362 614 2424 per
636 2352 736 2423 partes
756 2342 877 2404 trahunt

163 2426 287 2488 deducta
308 2426 432 2505 laqueis,
456 2428 588 2490 obruunt
609 2429 690 2506 turpi
713 2427 764 2488 din

162 2511 270 2572 calcata
293 2529 395 2572 caeno.
440 2513 526 2573 rerba
549 2513 731 2574 conveniunt
753 2511 822 2573 feris

161 2595 292 2657 immixta
314 2595 398 2658 iactis
421 2615 496 2676 quae
518 2597 606 2658 timor
628 2597 733 2659 reticet
754 2615 847 2659 meus.

161 2680 259 2762 sepire
280 2680 406 2742 flammis
429 2681 574 2762 principis
596 2683 697 2744 sedem
718 2691 831 2762 parant,

159 2766 264 2846 populi
287 2767 344 2828 nisi
367 2766 427 2827 irae
449 2767 606 2845 coniugem
629 2767 731 2830 reddat
752 2785 866 2841 noram,

160 2851 261 2913 reddat
283 2859 405 2932 penates
428 2851 566 2913 Claudiae
587 2852 683 2914 victus
704 2871 786 2914 suos.

159 2946 191 2998 nt
214 2948 317 2997 noscat
338 2937 403 3016 ipso
426 2936 532 2998 civium
555 2945 663 3013 motus,
685 2956 751 2998 mea

157 3038 228 3082 voce
250 3021 327 3083 haud
350 3021 489 3082 morabor
510 3022 590 3084 iussa
612 3022 753 3102 praetecti
776 3019 891 3099 exequi.

284 3193 366 3236 cnon.
411 3173 488 3244 Quid
511 3175 574 3235 tera
596 3176 706 3237 trustra
727 3172 803 3236 belia
825 3167 971 3233 movetis?

283 3258 391 3320 invicta
414 3258 491 3337 gerit
511 3258 567 3320 tela
591 3259 720 3340 Cupido:

240 3428 289 3479 779
308 3425 351 3492 qui
363 3425 399 3476 M.
416 3454 450 3464 -
469 3433 572 3492 pectore
590 3431 676 3493 portat
693 3426 770 3479 codd.
782 3426 902 3476 correxit
913 3422 945 3476 t.
955 3423 1107 3477 Muellerus
1124 3432 1238 3497 ‹pectore

153 3493 214 3561 quid
233 3499 319 3562 portet
336 3493 365 3546 B.
384 3492 546 3545 Sodmidta‘us
564 3495 589 3545 d.
608 3511 657 3545 am.
676 3500 709 3546 tr.
727 3511 753 3560 p.
772 3495 816 3559 66)
902 3495 982 3542 aanor.
1001 3494 1118 3547 nuntius.
1145 3497 1237 3550 cuorus

152 3565 202 3616 789
220 3562 294 3615 miles
311 3561 409 3614 exultat
427 3563 503 3614 codd.
521 3561 614 3627 (milies
631 3562 663 3613 M
677 3562 760 3615 milles
772 3562 806 3626 11)
824 3563 946 3613 conenit
961 3557 1078 3613 Bottiua
1095 3566 1142 3629 (m.
1161 3580 1236 3618 exen-

55 3675 57 3679 ,
151 3630 196 3682 bat
211 3629 421 3698 Raptatongim)
489 3633 541 3684 784
558 3637 652 3684 temere
671 3646 720 3682 om.
739 3630 793 3681 MD
862 3631 911 3683 785
930 3627 991 3695 quid
1011 3629 1070 3683 ΦΙ).
1089 3659 1125 3671 -
1144 3632 1237 3686 attoni-

34 3760 37 3766 1
151 3705 191 3750 tos
210 3702 234 3750 Φ
286 3698 336 3753 786
352 3697 435 3750 furore
453 3698 529 3750 codd.
547 3702 668 3750 correxit
687 3699 835 3750 Gronovius
847 3696 979 3764 (Gr-otim}
1030 3699 1082 3751 787
1102 3705 1129 3752 et
1147 3702 1236 3754 om

151 3769 200 3819 799
219 3771 324 3819 torosve
343 3769 366 3816 Φ
430 3769 477 3820 tor
497 3782 567 3819 conc.
586 3767 643 3819 vico
662 3770 686 3817 Φ
703 3765 736 3831 (n
753 3767 825 3832 vulg.
843 3782 867 3817 o.
885 3765 913 3829 l.)
976 3767 1026 3817 792
1045 3767 1118 3820 furor
1136 3767 1237 3821 ΣΦΗΙ

150 3839 271 3885 corrodit
290 3835 399 3886 Grotius
416 3835 485 3899 (cod.
503 3834 587 3886 Laur.
599 3835 695 3898 37,11t
747 3838 796 3888 795
814 3840 858 3886 aut
875 3847 918 3885 ara
936 3833 1013 3886 codd.
1027 3841 1155 3889 conexit
1174 3836 1236 3904 Lip-

148 3905 205 3952 sius
256 3905 306 3955 798
322 3901 475 3966 denuctat]
493 3902 595 3954 diducta
611 3902 712 3953 tntu
754 3901 1235 3967 800recipitcodd.oomoeit1)etrio

146 3972 194 4025 aot
215 3969 289 4024 edem
307 3969 383 4022 2011
448 3972 498 4024 803
516 3971 618 4023 iunctus
635 3971 678 4021 uel
694 3971 796 4024 uinctus
814 3969 912 4022 LHDH
