2580 4366
562 230 660 275 nunu

74 373 199 436 vindicta
223 377 374 438 nondum:
398 396 517 459 perage,
540 380 611 443 dum
633 379 747 442 sariunt
767 399 884 444 manus.

74 459 146 540 quid
169 479 251 521 nune
272 462 407 540 moraris,
430 462 551 526 anime‘l
573 465 646 545 quid
667 464 783 529 dubitus
804 464 935 547 potensi

30 602 33 611 ,
72 545 130 606 iam
158 546 263 607 cecidit
285 548 338 609 ira.
382 549 514 628 paenitet
534 550 615 626 lacti,
638 550 739 630 pudet.

73 629 154 709 quid,
177 631 294 708 misera,
316 631 397 695 leci‘l
419 632 550 697 misera?
571 635 721 715 paeniteat
742 634 820 711 licet,

73 715 130 776 leci
152 748 194 760 -
217 717 352 797 voluptas
374 736 480 795 magna
501 739 549 780 me
571 719 691 782 invitam
714 720 802 796 subit,

73 811 102 862 et
125 818 194 862 ecce
216 802 332 865 crescit.
377 803 459 865 derat
479 805 538 866 hoc
559 823 653 867 unum
676 805 759 882 mihi,

73 893 221 965 spectator
243 888 309 950 iste.
353 887 397 949 nil
419 888 515 952 adhuc
535 889 604 950 lacti
627 908 711 952 reor:

72 970 217 1049 quidquid
239 973 305 1034 sine
326 975 383 1036 isto
404 974 530 1036 fecimus
550 974 672 1036 sceleris
692 974 779 1056 perit.

72 1075 128 1116 uo.
187 1056 232 1117 En
254 1057 318 1136 ipsa
339 1058 410 1120 tecti
432 1067 516 1138 parte
537 1059 693 1140 praecipiti
714 1059 859 1122 imminet.

18 1136 24 1147 “
71 1141 133 1201 huo
153 1141 249 1221 rapiat
270 1143 354 1221 ignes
376 1143 492 1223 aliquis,
516 1155 549 1206 ut
569 1143 695 1206 flammis
717 1146 800 1209 cadat

73 1226 135 1286 suis
157 1234 286 1306 perusta.
330 1247 399 1289 nnn.
445 1226 579 1308 Congere
601 1238 764 1291 extremum
787 1229 846 1291 tuis

73 1310 160 1386 natis,
182 1309 280 1387 lason,
303 1313 405 1383 lunus,
427 1332 463 1374 ac
483 1315 631 1376 tumulum
654 1324 751 1376 strue:

75 1396 207 1458 coniunx
229 1415 375 1477 socerque
397 1398 475 1460 iusta
496 1399 553 1460 iam
575 1399 686 1462 iunctis
708 1399 827 1474 hebent,

73 1500 89 1541 a
111 1499 158 1541 me
181 1482 305 1561 sepulti;
327 1492 416 1545 natus
437 1483 487 1545 hie
508 1484 600 1545 latum
623 1483 698 1559 tulit,

72 1565 122 1627 hio
144 1573 173 1627 te
194 1567 311 1628 ridente
333 1568 449 1629 dabitur
472 1569 560 1631 exitio
581 1569 656 1648 pari.

72 1670 126 1712 ras.
184 1651 242 1712 Per
263 1671 375 1713 numen
399 1671 487 1714 omne
509 1671 623 1732 perque
646 1670 819 1713 communes
841 1650 926 1731 fugas

72 1745 224 1815 torosque,
247 1756 323 1816 quos
346 1756 407 1798 non
431 1745 532 1799 nostra
554 1737 670 1798 violavit
683 1737 774 1817 lides,

72 1822 129 1883 iam
152 1839 241 1901 parce
263 1832 342 1884 nato.
388 1821 515 1901 siquod
538 1830 583 1883 est
604 1822 728 1898 crimen,
750 1839 849 1882 meum
873 1828 933 1882 est:

72 1924 120 1967 me
142 1906 217 1967 dedo
239 1907 344 1981 morti;
372 1907 494 1968 noxium
515 1917 609 1970 macta
632 1913 731 1988 eaput.

72 2009 141 2052 nun.
185 1989 247 2052 Hae
269 2011 327 2070 qua
349 2010 480 2068 recusas,
503 2011 560 2072 qua
583 1991 675 2067 doles,
697 1992 810 2052 lerrum
833 1989 957 2069 exigam.

72 2075 81 2137 i
106 2095 197 2152 nuno,
219 2077 357 2157 superbe,
380 2077 528 2156 virginum
550 2077 693 2139 thalamos
714 2085 794 2157 pete,

72 2160 209 2241 relinque
230 2169 348 2223 matres.
392 2179 446 2224 uo.
485 2162 572 2223 ·Vnus
595 2171 640 2224 est
662 2179 778 2242 poenae
799 2159 880 2222 satis.

71 2263 141 2306 nnn.
186 2247 217 2308 Si
239 2254 342 2327 posset
363 2266 422 2308 una
445 2246 534 2308 caede
557 2246 655 2308 satiari
677 2248 750 2308 haec
771 2264 887 2320 manus,

72 2331 182 2392 nullam
205 2332 337 2411 petisset.
381 2339 415 2394 ut
437 2331 512 2393 duos
533 2332 687 2412 perimam,
709 2339 808 2393 tamen

72 2416 197 2477 nimium
220 2424 264 2477 est
287 2415 381 2478 dolori
404 2435 549 2478 numerus
570 2425 716 2496 angustus
738 2434 814 2477 meo.

70 2520 125 2561 ras.
184 2500 245 2561 lam
266 2520 375 2581 perage
397 2509 537 2581 coeptum
558 2502 684 2578 lacinus,
705 2502 778 2563 haut
799 2500 875 2562 ultra
899 2515 1017 2582 precor,

70 2604 244 2665 moramque
266 2587 368 2647 saltem
391 2587 536 2667 supplicis
559 2588 636 2649 dona
657 2586 743 2647 meis.

71 2690 141 2733 nnn.
185 2670 343 2733 Perfruere
365 2671 446 2733 lento
470 2670 592 2747 scelere,
616 2690 654 2732 ne
676 2687 814 2750 propera,
837 2669 937 2730 dolor:

70 2774 156 2818 meus
177 2755 239 2816 dies
262 2762 321 2830 est;
344 2765 478 2836 tempore
499 2763 622 2835 accepto
645 2755 767 2816 utimur.

70 2860 124 2901 rae.
184 2839 303 2915 lnlesta,
325 2851 434 2902 memet
455 2839 579 2920 perime.
622 2858 692 2901 unu.
735 2837 871 2900 Misereri
893 2837 987 2899 iubes.

70 2926 149 2986 bene
172 2933 226 2999 est,
250 2933 402 3004 peractum
425 2933 479 2986 est.
522 2924 610 3004 plura
632 2943 693 2985 non
715 2923 816 3000 habui,
839 2922 933 2997 dolor,

73 3029 150 3089 quae
172 3010 225 3070 tibi
246 3010 372 3071 litarem.
416 3010 528 3070 lumina
550 3009 610 3070 huc
632 3007 742 3071 tumida
765 3009 864 3082 alleva,

71 3096 186 3172 ingrate
208 3095 305 3156 lason.
349 3096 507 3173 coniugem
530 3092 667 3174 agnoscis
689 3090 793 3154 tuam?

70 3180 115 3242 sie
136 3181 240 3257 lugere
262 3179 354 3241 soleo.
399 3180 494 3259 patuit
514 3180 546 3241 in
570 3179 683 3240 caelum
706 3178 768 3239 ria:

70 3282 228 3344 squamosa
250 3265 361 3344 gemini
384 3265 459 3326 colla
481 3275 636 3344 serpentes
657 3263 728 3341 iugo

70 3453 97 3503 in
115 3454 196 3502 matre
213 3450 235 3503 si
254 3447 323 3517 quod
341 3447 433 3514 pignus
450 3447 597 3499 etiamnunc
614 3445 687 3504 latet,
863 3496 865 3501 ,
1094 3454 1148 3497 1011

71 3519 205 3571 scrutabor
222 3533 283 3570 ense
301 3517 400 3568 viscera
420 3519 445 3567 et
462 3515 528 3567 ferro
546 3513 686 3567 extraham.

157 3689 206 3741 991
226 3702 267 3738 me
291 3689 318 3738 et
341 3684 447 3736 invitam
464 3683 490 3734 Ε
512 3698 553 3734 me
574 3681 682 3733 invisam
699 3681 725 3732 A
795 3681 844 3733 993
862 3678 918 3746 ipse
934 3680 967 3732 A.
986 3707 1019 3719 -
1036 3678 1099 3732 nilril
1115 3680 1148 3733 Ε.

70 3755 216 3807 -laetum
234 3755 259 3805 A
310 3755 361 3807 908
380 3769 405 3805 n.
424 3752 442 3803 1.
461 3757 487 3802 at
502 3751 520 3803 1.
538 3765 561 3801 a.
579 3753 599 3803 t.
617 3765 638 3802 s.
656 3748 772 3815 singulis
789 3748 908 3799 verritur
922 3747 947 3798 Ε
1000 3751 1065 3802 1005
1083 3746 1149 3800 dede

70 3823 95 3874 A
148 3825 214 3875 1009
232 3822 318 3874 saliari
335 3836 426 3873 manus
444 3820 469 3871 A
485 3817 678 3871 satiariamanus
695 3817 721 3868 Ε
739 3819 859 3868 correxit
878 3814 1029 3868 Gronovius
1075 3818 1148 3869 1012.

72 3892 138 3944 1013
157 3891 244 3942 delere
260 3889 294 3951 cs.
313 3890 336 3955 1,
344 3889 396 3942 208
465 3890 533 3941 1014
549 3901 628 3956 perge
637 3886 671 3938 Ε.
688 3913 721 3925 -
740 3883 821 3939 autll
892 3887 957 3938 1016
975 3884 1068 3937 laconi
1084 3899 1148 3936 eon·

70 3963 196 4023 tinuatur·
213 3962 241 4024 ς.
257 3987 292 3998 ·-
309 3957 399 4010 sceleri
416 3957 441 4008 Ε

906 4037 944 4090 9*
