2580 4366
408 119 446 161 aa
467 118 682 162 uxuuruaamvs
704 119 832 163 cuasam.
1096 107 1157 168 179

75 258 109 323 in
139 266 232 331 lucem
254 268 406 349 prodierit.
451 269 499 333 hic
521 269 634 331 Seneca
663 271 728 331 sine
753 268 842 331 duhio
865 289 925 331 uon
949 271 1005 331 alio
1029 272 1155 333 consilio

75 353 233 432 propriam
256 372 392 416 scaenam
414 353 567 416 substituit
587 353 645 415 nisi
668 363 701 416 ut
722 354 884 417 laudandae
899 356 1062 417 venationis
1078 357 1156 418 aevi-

78 447 147 508 que
167 439 244 500 aurei
266 439 454 500 describendi
475 440 616 519 optimam
639 440 824 500 occasionem
847 459 908 500 non
931 441 1112 519 praeteriret.

170 541 272 585 scaena
303 541 374 585 num
398 524 521 586 Athenis
551 525 582 585 in
612 523 705 586 velato
732 525 818 585 utin
841 525 972 586 Senecae
996 525 1155 606 llippolyto

78 596 175 668 luerit
193 608 224 670 iu
246 608 343 670 medio
366 608 578 688 relinquimus;
602 609 674 670 illud
690 609 820 670 indicare
838 611 952 671 videtur
966 609 1084 672 Virbius
1101 612 1153 672 Ov.

78 697 157 752 met.
177 693 233 770 XV,
256 696 319 757 566

287 777 428 841 Pittheam
446 779 574 858 prosopa
596 796 686 838 curra
711 777 856 839 Troezena
874 779 1006 858 petebam

286 867 398 943 lampae
420 863 599 924 Corinthiaci
619 863 769 942 carpebam
791 862 878 925 litora
896 867 981 942 pocta·
1002 883 1027 924 0.
1041 883 1070 942 q.
1086 858 1118 926 s.'

78 948 136 1017 ubi
160 971 235 1024 certe
257 964 380 1024 Athenis
401 965 553 1044 prolectas
576 972 629 1024 est.
674 964 743 1025 item
766 965 831 1025 last.
855 963 900 1038 Vl,
924 966 985 1027 739

284 1067 344 1110 ooo
365 1053 480 1128 clepone
497 1053 566 1130 pius
591 1053 703 1110 iaoeot's
729 1048 872 1110 Troezena
892 1051 1004 1129 petebat

76 1127 173 1205 atque
192 1132 239 1193 illa
262 1151 383 1212 quoque
405 1135 440 1195 ad
463 1135 587 1194 velatum
611 1133 761 1213 pertinere
788 1143 868 1195 recte
888 1135 959 1195 vidit
981 1134 1153 1215 Hartuugus

76 1198 113 1263 E·
144 1215 261 1297 sip.
286 1221 364 1292 110,
395 1236 461 1278 cum
485 1219 657 1280 Weteterus
687 1228 720 1280 ut
741 1219 771 1280 in
795 1218 916 1280 ceraue
939 1219 974 1279 ae
997 1219 1154 1298 Sophoclis

74 1281 211 1363 Phaedra
233 1303 399 1380 cogitasset.
437 1304 487 1363 sed
511 1304 627 1364 obstare
649 1304 763 1364 videtur
784 1303 847 1365 her.
864 1306 892 1377 4,
914 1307 973 1366 107
995 1304 1040 1365 hic
1061 1317 1153 1367 tecam

77 1365 230 1448 Troezena
259 1388 369 1460 colam;
399 1388 530 1466 quamvis
559 1389 589 1448 in
621 1388 774 1464 omnihus,
804 1389 889 1449 etiam
913 1389 1041 1449 externis
1063 1390 1153 1450 rehus

72 1449 232 1554 Euripidis
254 1472 348 1552 priori
369 1473 485 1534 lahulae
507 1474 609 1552 utique
626 1473 760 1534 Ovidium
780 1493 811 1534 se
827 1473 1017 1534 adstrinxisse
1032 1474 1153 1535 minime

71 1535 215 1641 dturim,
238 1556 328 1617 immo
351 1558 435 1618 facile
458 1560 573 1619 credam
597 1558 669 1618 illud
693 1558 827 1618 Ovidium
855 1558 1009 1636 scripsisse
1032 1558 1153 1620 alterius

69 1616 232 1720 Hlppolyti
254 1660 424 1703 memorem.

166 1725 279 1788 Thesea
309 1727 387 1806 apud
409 1726 581 1805 Euripidem
612 1746 731 1805 quoque
757 1727 792 1786 ah
815 1726 919 1786 inleris
940 1726 1051 1787 redisse
1073 1727 1152 1806 lrag-

64 1804 180 1871 Incumo
203 1814 291 1887 (446)
320 1830 379 1889 quo
408 1811 438 1872 ia
468 1813 545 1871 hanc
568 1830 629 1872 rem
652 1820 779 1872 utuntur
801 1829 861 1871 nou
888 1811 1094 1886 confirmatur,
1123 1819 1154 1874 at

64 1870 231 1967 ,Plutarchi
259 1896 326 1957 loco
355 1914 421 1957 cum
446 1896 540 1957 Ovidii
569 1916 595 1956 v.
622 1899 681 1959 tto
712 1905 745 1956 ut
767 1914 856 1975 supra
878 1895 1001 1956 fecimus
1025 1896 1152 1958 conlato.

62 1964 156 2040 ¹dem
179 1980 359 2060 Sophoclem
383 1982 412 2041 in
435 1981 566 2041 Phaedra
588 1981 706 2041 finxisse
730 1999 790 2041 non
814 1988 871 2040 tam
896 1981 950 2058 lrg.
973 1981 1072 2059 adesp.
1089 1984 1152 2043 424

61 2060 158 2125 ‘lllod
183 2084 216 2126 ex
240 2066 352 2125 incerta
375 2066 487 2144 aliquot
502 2065 618 2126 Stohaei
641 2066 774 2126 codicum
797 2066 967 2126 coniectura
983 2066 1019 2126 ad
1034 2065 1151 2145 Sopho·

59 2134 133 2211 clis
154 2150 317 2211 Phaedram
340 2151 462 2211 relatum
486 2159 531 2212 est
553 2152 621 2229 (lrg.
645 2153 705 2213 603
729 2150 845 2232 Diod),
869 2167 956 2228 quam
979 2151 1071 2230 Soph.
1094 2151 1151 2229 lrg.

59 2215 142 2316 320
163 2234 277 2296 Nauck.
300 2236 385 2296 docet
408 2227 527 2311 (doarv‘
546 2229 605 2299 ἐπ’
623 2227 722 2314 οὐρὰν
745 2233 814 2296 adca
836 2233 1017 2299 κυλλαίνων
1039 2231 1151 2313 κάτω),

56 2315 90 2367 ⁸¹
125 2338 187 2381 noa
210 2320 246 2380 ad
269 2338 373 2381 canem
387 2321 552 2382 venaticum
568 2340 635 2381 cum
651 2319 805 2381 Welckero
821 2339 850 2399 p.
868 2321 939 2394 399,
963 2321 1013 2381 sed
1029 2322 1064 2382 ad
1081 2321 1152 2382 Cer-

56 2379 183 2465 b(trram
212 2404 285 2464 illud
315 2405 469 2466 referimus
491 2405 527 2466 ab
549 2405 676 2466 Hercule
698 2404 805 2465 Thesei
830 2422 886 2484 ope
908 2405 939 2465 in
962 2405 1058 2466 lucem
1080 2423 1152 2485 pro·

53 2473 215 2567 tPactum,
239 2489 277 2549 cf.
300 2489 348 2549 Η1.
371 2493 433 2554 816

285 2580 428 2655 componit
448 2593 532 2636 aures
554 2576 672 2636 timidas
693 2585 719 2635 et
737 2577 851 2653 potiens
873 2571 951 2633 trahi

285 2678 419 2740 eramque
440 2662 536 2739 fassas
558 2678 606 2720 ore
627 2659 763 2720 srthmr'sso
786 2657 937 2738 obsequelae

285 2756 438 2825 atrumque
459 2746 550 2806 calado
569 2745 667 2824 pulsat
687 2745 843 2823 aopuisera
865 2743 998 2818 latasll)

51 2802 241 2890 Phaedram
271 2838 340 2907 post
367 2830 491 2891 relatum
520 2830 556 2889 de
579 2827 730 2907 Hippolyti
760 2837 854 2888 morte
884 2827 1020 2888 nuntium
1045 2845 1149 2888 rursus

50 2911 282 2994 comparuisse
305 2921 334 2973 et
355 2915 442 2974 morti
465 2932 535 2974 suae
557 2914 716 2993 praelatam
735 2931 799 2974 esse
815 2931 850 2972 ex
865 2913 1030 2989 argumenti
1047 2921 1151 2973 natura

50 2994 312 3083 consentaneum
341 3008 395 3060 est.
439 3018 473 3060 eo
502 3007 599 3059 autem
628 2997 672 3059 vel
701 3007 780 3058 certe
802 2998 837 3058 ad
860 2996 962 3058 similis
984 2995 1150 3075 argumenti

53 3082 245 3145 ⁰¹·ationem
268 3082 457 3165 referendum
480 3083 551 3144 mihi
573 3083 688 3144 videtur
710 3084 764 3161 lrg.
789 3083 850 3144 446

286 3166 312 3228 ὠ
335 3165 488 3247 λαμπρὸς
511 3165 615 3253 αἰθὴρ
638 3161 761 3250 ἡμέρας
783 3158 823 3229 θ’
849 3160 947 3246 ἁγνὸν
971 3160 1066 3246 φάος,

285 3245 411 3336 01ςὴδύ
434 3250 583 3317 λεύσσειν
605 3259 677 3327 τοῖς
698 3247 965 3354 τετσρσίσσσυὶσιν
987 3247 1093 3323 καλῶς

285 3338 339 3401 καὶ
362 3340 452 3402 τοῖσι
474 3336 699 3416 δυστυχοῦσιν,
725 3360 769 3399 ων
792 3331 904 3418 tadmor
934 3330 996 3414 ἐγώ

58 3422 156 3489 (luae
178 3429 249 3481 sunt
271 3425 357 3485 verba
380 3426 455 3484 mori
478 3423 612 3484 volentis.
648 3421 805 3497 aTheseo,
828 3419 876 3481 cui
891 3416 1070 3480 alllelchero
1086 3420 1151 3480 data

60 3506 154 3565 Sunt
178 3509 220 3585 lp.
252 3508 343 3586 739),
378 3528 404 3570 v.
439 3513 452 3570 l
483 3508 672 3588 pronuntiari
700 3525 761 3568 noa
790 3512 905 3585 poterat
933 3504 991 3566 uisi
1023 3504 1053 3564 iu
1084 3504 1150 3584 ipso

63 3589 187 3665 redita
209 3590 321 3654 scilicet
343 3601 499 3673 antequam
523 3613 554 3654 se
577 3592 723 3654 inlelicem
746 3597 871 3670 putaret.

167 3779 199 3844 ²³)
217 3794 268 3847 qua
291 3778 435 3830 coniectura
457 3776 576 3895 supplere
600 3777 672 3826 iuvat
688 3773 799 3841 lepidam
816 3771 936 3824 llercheri
953 3771 1151 3838 disputationem

74 3834 120 3892 (le
138 3847 200 3914 drgo
216 3863 279 3900 cane
297 3844 402 3898 llermae
420 3846 471 3896 vol.
512 3844 531 3894 ll
548 3859 573 3910 p.
592 3846 639 3895 ast
660 3858 699 3908 sq.

900 3923 953 3978 ll*
