2580 4366
565 213 662 255 mount

78 378 206 421 armasse
231 370 321 421 natas.
368 380 476 440 quaere
497 363 665 437 materiam,
689 364 787 425 dolor:

77 447 113 506 ad
137 464 225 506 omne
248 447 361 507 lacinus
384 465 444 508 non
468 449 572 509 rudem
595 450 725 510 dextram
747 449 859 510 afferes.

163 529 228 601 Quo
251 541 281 591 te
303 531 402 610 igitur,
425 533 485 607 ira,
508 533 616 608 mittis,
637 542 689 594 aut
711 553 787 614 quae
809 535 922 614 perfido

78 616 207 677 intendis
229 616 308 677 hosti
330 614 409 678 tela?
433 618 533 679 nescio
556 618 627 697 quid
649 620 732 679 ierox

77 701 206 762 decrevit
227 702 343 762 animus
365 703 445 763 intus
468 710 496 763 ct
518 704 651 765 nondum
675 704 731 764 sibi

78 787 166 847 audet
188 786 281 846 lateri.
327 787 414 848 stulta
437 789 591 868 properavi
615 788 720 849 nimis:

78 891 113 932 ex
137 871 248 949 paelice
271 872 383 933 utinam
406 872 516 935 liberos
538 873 632 934 hostis
654 892 738 934 meus

77 956 193 1033 aliquos
215 956 399 1018 haberet-
422 957 565 1037 quidquid
589 977 624 1018 ex
645 959 695 1018 illo
718 966 802 1019 tuum
826 969 879 1032 est,

78 1039 187 1102 Creusa
210 1043 335 1120 peperit.
379 1043 489 1121 placuit
511 1045 569 1104 hoc
590 1061 703 1122 poenae
727 1061 830 1120 genus,

77 1127 243 1204 meritoque
266 1127 391 1205 placuit:
415 1128 550 1188 ultimum
559 1174 572 1203 ‚.
590 1145 734 1208 agnosco,
758 1128 855 1189 scelus

77 1211 175 1271 animo
199 1211 361 1289 parandum
386 1223 430 1273 est
451 1247 493 1257 —
515 1213 600 1274 liberi
624 1214 771 1292 quondam
794 1213 863 1288 mei,

78 1315 130 1356 vos
153 1315 209 1376 pro
232 1297 364 1376 paternis
386 1297 547 1358 sceleribus
570 1316 682 1377 poenas
704 1299 778 1359 date.

166 1379 223 1440 Cor
245 1381 359 1460 pepulit
381 1383 497 1458 horror,
521 1383 656 1444 membra·
673 1391 848 1462 torpescunt
870 1383 938 1461 gelu

79 1475 244 1546 pectusque
266 1467 395 1527 tremuit.
440 1468 483 1527 ira
505 1467 638 1528 discessit
661 1467 726 1528 loco

79 1561 231 1630 materque
253 1559 311 1611 tota
336 1552 462 1630 coniuge
486 1552 605 1631 expulsa
629 1552 714 1612 redit.

79 1654 174 1715 egone
197 1645 229 1696 ut
252 1654 385 1697 meorum
408 1637 533 1697 liberum
556 1655 591 1697 ac
614 1636 705 1712 prolis
727 1655 809 1698 meae

77 1721 200 1781 lundam
223 1718 382 1782 cruorem?
427 1722 543 1795 melius,
565 1740 591 1796 a,
616 1721 737 1782 demens
759 1721 857 1782 iurorl

79 1805 263 1885 incognitum
288 1806 365 1865 istud
389 1807 504 1867 lacinus
526 1824 561 1866 ac
583 1805 680 1866 dirum
703 1807 785 1867 nelas

78 1910 94 1950 a
116 1909 163 1951 me
187 1909 305 1970 quoque
327 1890 418 1965 absit;
442 1891 522 1969 quod
544 1890 641 1952 scelus
663 1890 763 1951 miseri
785 1888 894 1952 luent?

79 1976 176 2037 scelus
200 1984 244 2035 est
266 1976 352 2036 lason
376 1976 493 2053 genitor
515 1985 544 2037 et
565 1976 660 2036 maius
683 1975 782 2036 scelus

78 2061 179 2122 Medea
202 2069 295 2121 mater
317 2093 357 2103 —
381 2060 525 2136 occidant,
548 2079 609 2122 non
633 2069 703 2122 sunt
725 2060 800 2134 mei;

78 2153 212 2225 pereant,
234 2146 292 2206 mei
315 2154 395 2206 sunt.
440 2147 563 2207 crimine
587 2156 616 2206 et
638 2145 725 2224 culpa
747 2156 858 2219 carent,

80 2240 152 2291 sunt
174 2232 364 2291 innocentes:
387 2233 491 2304 fateor,
515 2238 543 2291 et
565 2232 655 2292 irater
677 2230 742 2291 suit.

78 2316 161 2394 quid,
184 2315 290 2389 anime,
313 2314 445 2376 titubas?
468 2335 518 2376 ora
542 2316 612 2395 quid
636 2314 771 2377 lacrimae
794 2315 893 2394 rigant

77 2400 246 2478 variamque
269 2419 350 2461 nunc
371 2401 432 2461 huc
454 2400 506 2473 ira,
530 2419 612 2462 nunc
633 2400 704 2461 illuc
726 2418 810 2461 amor

77 2482 211 2545 diducit?
234 2503 344 2563 anceps
366 2492 465 2546 aestus
487 2487 630 2547 incertam
652 2486 745 2564 rapit;
815 2504 819 2511 ·

77 2578 112 2631 ut
133 2587 216 2630 saeva
238 2570 332 2648 rapidi
355 2570 429 2631 bella
451 2589 518 2631 cum
541 2571 619 2632 renti
642 2578 750 2648 gerunt

78 2655 229 2733 utrimque
250 2654 358 2715 fluctus
380 2655 471 2715 maria
493 2655 644 2716 discordes
667 2663 760 2731 agunt

78 2739 262 2818 dubiumque
283 2739 376 2800 fervet
398 2740 530 2819 pelagus,
552 2740 624 2800 haut
645 2739 730 2801 aliter
752 2747 850 2800 meum

77 2843 131 2885 cor
151 2824 320 2885 fluctuatur.
364 2823 406 2884 ira
429 2825 567 2903 pietatem
590 2824 672 2902 lugat

77 2910 212 2987 iramque
235 2909 391 2988 pietas-
414 2909 485 2970 cede
508 2908 620 2988 pietati,
643 2909 738 2970 dolor.

163 2994 238 3068 Huc,
262 3012 326 3055 cara
350 2993 460 3073 proles,
483 2993 606 3055 unicum
629 2993 753 3055 afflictae
776 2992 880 3053 domus

78 3078 220 3153 solamen,
243 3080 302 3139 huc
324 3097 375 3140 vos
397 3079 471 3139 terte
494 3086 523 3139 et
544 3079 659 3140 inlusos
681 3078 754 3139 mihi

79 3163 253 3241 coniungite
275 3173 366 3225 artus.
410 3164 516 3224 habeat
538 3164 702 3226 incolumes
725 3172 817 3242 pater,

78 3249 147 3309 dum
172 3259 200 3308 et
221 3257 313 3309 mater
335 3248 439 3309 habeat
460 3283 503 3293 —
526 3258 635 3328 urguet
657 3247 777 3309 exilium
800 3264 833 3307 ac
854 3247 933 3324 luga.

78 3335 135 3393 iam
158 3333 213 3393 iam
237 3351 302 3393 meo
327 3334 480 3412 rapientur
501 3335 593 3394 avulsi
616 3353 631 3394 e
655 3333 733 3407 sinu,

76 3418 192 3492 flentes,
216 3428 367 3496 gementes
390 3418 499 3480 osculis
520 3453 562 3463 -
585 3428 708 3497 pereant
730 3418 815 3496 patri,

78 3503 194 3581 periere
216 3504 311 3563 matri.
357 3521 460 3563 rursus
483 3504 623 3565 increscit
645 3503 730 3562 dolor

163 3740 212 3790 915
232 3737 376 3790 afferensA
445 3740 495 3790 922
513 3737 647 3805 pepiritls'
717 3738 766 3788 923
781 3735 827 3787 ult.
844 3749 936 3802 magno
955 3735 1033 3788 seA
1103 3737 1154 3788 924

78 3804 259 3870 parendumE
328 3809 378 3858 939
397 3821 410 3856 a
429 3805 516 3858 omli*
584 3808 634 3858 938
653 3805 702 3856 huc
720 3804 978 3871 rop.om.1m.1o'
1047 3803 1153 3857 939de«

77 3872 148 3923 ducit
164 3873 189 3922 Ε
250 3876 299 3926 942
317 3875 424 3941 pelagus
441 3874 560 3926 terretA
620 3875 670 3926 949
689 3873 770 3926 evulsi
788 3874 813 3926 A
881 3874 931 3925 950
950 3872 1031 3926 oculis
1048 3880 1154 3940 pereant

78 3939 158 4006 patris
176 3944 195 4005 ς
263 3944 312 3994 951
331 3944 430 4009 pariere
446 3943 481 3996 ld.
506 3971 539 3982 -
563 3941 736 3995 ineresscitll

130 4034 226 4076 Senecae
239 4035 364 4086 tragoedico
377 4035 405 4077 H.
932 4029 948 4079 9
